2358 4016
1277 280 1340 326 66

395 424 664 476 Victorini
721 442 804 474 ars
859 423 1209 492 grammatica
1257 424 1324 475 de
1359 423 1745 493 orthographia
1782 431 1850 487 et*
1876 425 2100 478 metrica
2136 432 2221 478 ra*

395 514 543 565 tione
583 521 635 564 et
671 512 954 566 Diomedis
991 513 1130 565 liber
1166 513 1356 565 tertius
1395 521 1503 564 tam
1542 513 1673 564 mire
1712 513 1853 566 inter
1892 532 1947 566 se
1990 530 2216 568 consen-

392 603 531 655 tiunt
555 603 625 671 ¹),
678 610 738 654 ut
775 621 1099 655 conmunem
1135 611 1410 655 auctorem
1451 603 1565 656 siue
1606 602 1830 656 Caesius
1867 604 2064 658 Bassus
2100 606 2215 658 siue

393 693 527 744 alius
567 693 729 745 fuerit
767 693 1015 764 prodant.
1052 720 1056 724 >
1090 693 1280 763 quibus
1330 693 1576 745 omuibus
1626 693 1981 748 consideratis
2029 695 2088 748 in
2138 696 2217 748 eis

393 802 526 852 quae
573 783 880 836 necessario
931 785 1023 836 uel
1077 784 1269 835 saltem
1325 784 1486 835 certis
1543 784 1839 837 rationibus
1897 805 1931 836 a.
1965 785 2217 838 Varrone

390 874 685 945 repetenda
722 881 846 926 sunt
883 891 968 925 me
1004 875 1287 926 continere
1325 892 1484 942 quam
1523 874 1700 926 omnia
1739 892 1876 943 quae
1915 891 1977 927 eo
2003 893 2116 928 non
2138 875 2216 927 in-

391 965 554 1035 digna
592 965 848 1018 uidentur
887 964 1107 1016 credule
1144 982 1443 1034 congerere
1481 965 1661 1018 malui.

555 1056 621 1107 In
666 1055 924 1124 rhythmo
977 1054 1286 1107 definiendo
1337 1055 1730 1107 Aristoxenum
1767 1055 1947 1108 Varro
1997 1062 2216 1108 secutus

391 1154 487 1199 est.
526 1146 598 1199 M.
618 1146 872 1198 Terentio
912 1153 992 1196 cst
1033 1145 1173 1196 enim
1215 1145 1518 1214 ‘rhythmus
1558 1147 1759 1216 pedum
1801 1154 2217 1218 temporumque

390 1236 638 1288 iunctura
674 1236 839 1288 uelox
876 1235 1048 1287 diuisa
1084 1235 1140 1286 in
1178 1235 1283 1288 arsi
1323 1243 1375 1287 et
1412 1235 1574 1304 thesi,
1611 1237 1702 1288 uel
1726 1244 1941 1306 tempus
1964 1254 2070 1305 quo
2107 1236 2216 1306 syl-

392 1327 542 1379 labas
564 1325 827 1377 metimur’
861 1325 948 1383 (fr.
971 1324 1079 1393 64),
1120 1325 1450 1377 Aristoxeno
1493 1322 1702 1391 ῥυθμός
1737 1326 1846 1377 ἐστι
1881 1324 2092 1390 χρόνων
2126 1324 2211 1374 τά-

391 1418 469 1475 ξις
523 1415 692 1483 (Max.
736 1415 963 1469 Planud.
1000 1415 1056 1467 in
1093 1415 1355 1485 Hermog.
1388 1415 1461 1468 id.
1499 1414 1548 1465 V
1586 1434 1638 1485 p.
1657 1416 1762 1468 454
1785 1416 1883 1468 W.
1954 1417 2026 1469 cf.
2059 1434 2217 1468 anon.

395 1506 561 1558 schol.
583 1506 694 1558 VII
727 1525 779 1577 p.
802 1505 926 1574 892)
984 1506 1074 1558 uel
1123 1503 1313 1566 χρόνος
1365 1505 1682 1572 ὸίῃρῃμένος
1724 1504 1809 1572 ἐφ’
1861 1499 2064 1573 ἓκιίσῗτῳ
2107 1508 2218 1558 ,τῶν

394 1593 754 1661 ῥυθμίζεσθαι
798 1595 1102 1657 δυναμένων
1142 1595 1365 1663 (Bacch.
1408 1615 1457 1666 p.
1486 1595 1553 1648 22
1577 1595 1776 1664 Meib.),
1815 1607 1948 1667 qua's
1987 1605 2215 1666 generas-

390 1684 512 1736 liter
549 1684 753 1754 positas
792 1683 1133 1736 definitiones
1182 1702 1305 1736 eum
1355 1684 1422 1736 ad
1473 1684 1788 1753 rhythmum
1839 1685 1926 1755 qui
1985 1686 2040 1739 in
2080 1703 2215 1739 uoce

388 1774 535 1826 ualet
570 1782 893 1846 pergentem
938 1774 1009 1825 ita
1056 1774 1561 1846 circumscripsisse,
1617 1783 1676 1827 ut
1716 1775 2052 1830 Varroniano.
2089 1795 2214 1848 pro—

388 1865 535 1916 xime
568 1865 635 1917 ad
674 1882 791 1930 eam
822 1864 1042 1917 accedat
1065 1865 1127 1918 R.
1151 1865 1439 1938 Westphal
1473 1867 1509 1919 l.
1546 1867 1581 1920 l.
1622 1887 1674 1939 p.
1699 1867 1767 1920 86
1792 1887 1870 1940 sq.
1906 1886 1958 1939 p.
1983 1868 2098 1921 101.
2140 1869 2207 1922 cl.

387 1955 633 2008 Aristox.
671 1955 924 2024 rhythmv
953 1957 1107 2009 elem.
1146 1975 1198 2027 p.
1215 1958 1343 2011 ¹272.
1366 1958 1469 2011 276
1502 1959 1638 2012 Mor.
1679 1958 1913 2012 ostendit
1936 1958 1999 2025 ἱ’).
2035 1959 2216 2012 etiam

557 2133 599 2189 1)
635 2133 764 2176 Idem
807 2147 1054 2176 consensus
1103 2147 1208 2178 cum
1238 2133 1460 2177 Diomede
1502 2133 1549 2176 in
1595 2136 1696 2177 arte
1738 2133 2042 2190 grammatica.
2074 2133 2215 2190 uolgo

388 2213 596 2256 Maximo
629 2213 867 2256 Victorino
911 2213 1146 2270 adscripta
1195 2217 1242 2256 et
1283 2217 1390 2270 post
1435 2213 1705 2258 Putschium
1743 2228 1770 2256 a
1810 2206 2127 2259 Lindemanno
2169 2203 2217 2256 in

392 2307 585 2349 corpore
617 2293 1023 2348 grammaticorum
1056 2294 1136 2336 lat.
1168 2293 1188 2334 I
1219 2293 1366 2349 p.271
1388 2308 1452 2348 sq.
1489 2293 1614 2337 edita
1646 2278 1922 2348 conspicuus
1954 2296 2024 2336 est
2056 2292 2130 2346 (cf.
2162 2292 2217 2335 L.

391 2373 591 2429 Spengel
633 2373 739 2427 allg.
783 2373 1048 2429 schulzeitg.
1090 2373 1204 2417 1832
1239 2374 1281 2417 II
1312 2389 1356 2430 p.
1381 2373 1481 2417 286.
1543 2373 1596 2417 F.
1633 2372 1787 2416 Osann
1824 2373 1962 2417 beitr.
1987 2355 2039 2416 ΔΖ.
2072 2387 2142 2429 gr.
2173 2368 2214 2416 u.

391 2466 534 2495 roem.
566 2452 962 2511 litteraturgesch.
995 2452 1039 2494 Π
1070 2468 1113 2508 p.
1133 2451 1219 2496 355
1244 2456 1342 2508 sq.).
1395 2467 1535 2508 quare
1579 2467 1672 2496 non
1701 2455 1800 2495 tam
1833 2452 2121 2509 inprobabile
2158 2452 2216 2496 ab

392 2531 553 2574 eodem
585 2532 811 2587 scriptore
845 2532 958 2574 duas
990 2532 1093 2575 illas
1133 2536 1254 2575 artes
1295 2532 1526 2588 profectas
1564 2540 1669 2576 esse¹
1691 2531 1805 2575 mihi
1838 2532 2038 2587 uidetur,
2082 2524 2217 2588 quain

393 2610 575 2654 Osanno
606 2613 635 2654 l.
669 2613 697 2655 l.
730 2628 774 2668 p.
798 2613 899 2667 371,
950 2613 1029 2668 qui
1071 2615 1226 2656 tamen
1273 2613 1371 2668 ipse
1419 2613 1580 2656 eadem
1614 2601 1737 2668 apud
1766 2613 1964 2655 Marium
1996 2616 2043 2656 et
2072 2612 2217 2656 Maxi-

392 2707 517 2735 mum
562 2692 834 2747 quibusdam
878 2693 992 2736 locis
1036 2707 1275 2736 recurrero
1316 2693 1530 2736 concedit
1572 2692 1630 2736 cf.
1672 2692 1724 2735 L.
1756 2691 1931 2736 Lersch
1971 2692 2155 2736 mehr..
2180 2692 2212 2738 f.

392 2771 619 2814 alterthw.
658 2770 773 2815 1840
803 2787 848 2827 p.
868 2772 966 2826 116.
1028 2772 1239 2815 Wentzel
1273 2773 1301 2815 1.
1335 2772 1364 2814 l.
1395 2787 1440 2828 p·
1463 2771 1535 2815 55.
1588 2815 1591 2818 .

557 2851 602 2906 2)
635 2850 731 2894 Has
762 2850 1052 2894 definitiones
1085 2865 1187 2894 cum
1206 2851 1526 2895 Aristoxeneis
1558 2865 1693 2906 quem
1727 2850 1787 2894 ad
1811 2850 2084 2914 modumab
2115 2850 2216 2908 ipso

395 2932 607 2987 prolatae
633 2933 766 2973 erant
784 2945 974 2987 prorsus
1007 2931 1253 2974 conuenire
1287 2946 1380 2974 non
1402 2931 1547 2988 magis
1583 2929 1827 2974 adfirmare
1856 2931 1979 2986 uolo,
2010 2945 2146 2992 quam
2159 2913 2216 2974 ⁴in

391 3011 462 3054 his
496 3009 716 3055 Varronis
747 3009 848 3066 ipsa
879 3011 1021 3053 uerba
1066 3014 1252 3055 seruata
1290 3011 1516 3054 existimo.
1548 3014 1715 3067 reputa
1754 3011 1888 3066 enim,
1931 3025 2089 3054 omnes
2119 3009 2215 3057 fere

390 3091 692 3135 metricorum
723 3091 973 3133 latinorum
1005 3080 1293 3135 definitiones
1327 3092 1448 3135 inter
1480 3106 1527 3134 se
1558 3105 1764 3147 pugnare
1794 3091 2020 3135 et¹hebeti
2043 3075 2215 3145 iudicio

391 3185 478 3215 nec
506 3170 644 3214 rebus
678 3170 910 3213 subtiliter
955 3170 1184 3227 perceptis
1232 3185 1330 3214 esse
1375 3171 1674 3226 perscriptas,
1723 3173 1966 3226 praeterea
2009 3165 2215 3226 singulos

393 3250 643 3306 scriptores
673 3250 811 3306 longe
843 3262 869 3292 a
899 3249 1048 3305 primo
1078 3250 1205 3293 fonte
1237 3251 1410 3303 abesse,
1445 3249 1654 3306 pluribus
1689 3250 1767 3304 qui
1797 3249 1962 3292 eadem
1993 3252 2215 3294 retracta-

394 3331 550 3374 ueriut
571 3329 829 3373 interiectis
851 3329 1130 3383 auctoribus,
1164 3345 1311 3385 neque
1351 3344 1457 3373 sane
1487 3330 1654 3372 mirum
1685 3329 1772 3372 tibi
1802 3327 2215 3373 uidebitur-Varro·

392 3411 463 3453 nis
508 3410 770 3454 doctrinam
814 3409 936 3453 haud
975 3409 1270 3452 mediocriter
1312 3410 1613 3467 deprauatam
1657 3413 1704 3453 et
1749 3408 2054 3453 deformatam
2098 3420 2214 3460 esse.

393 3488 602 3545 quamuis
645 3503 756 3534 uero
785 3489 1061 3552 Aristoxeno
1093 3489 1348 3533 Varronem
1378 3504 1511 3534 usum
1543 3503 1643 3533 esse
1675 3487 1787 3533 mihi
1819 3491 2017 3543 constet,
2062 3488 2215 3536 omnin
