2222 4056
1161 346 1259 391 114

305 493 428 565 quia
460 510 529 545 ex
562 491 922 563 disputatione
969 491 1037 544 de
1087 491 1358 545 aduerbiis
1394 499 1702 562 temporum
1757 499 1811 544 et
1865 492 2124 560 locorum,

299 599 432 651 quae
469 582 638 652 igitur
673 581 919 634 ordinem
955 581 1212 635 orationis
1252 581 1486 651 partium
1519 581 1866 650 sequebatur,
1905 587 2123 652 sumpta

298 680 421 725 sunt
456 671 689 741 taliaque
726 671 916 723 breuia
954 678 1245 742 praecepta
1271 677 1421 723 recte
1444 669 1704 738 loquendi
1730 670 1971 741 perbene
1994 670 2121 727 huic

298 762 450 833 operi
488 761 836 814 conueniunt.
908 762 975 815 de
1026 768 1330 831 temporum
1367 759 1637 815 aduerbiis
1674 759 1811 815 nihil
1856 759 2120 832 excripsit

297 852 388 904 ille
424 852 530 903 nisi
569 872 673 906 cum
716 869 815 923 per
863 871 889 905 c
925 850 1273 904 scribendum
1313 867 1456 918 esse3
1510 867 1646 921 quae
1697 858 1954 906 secuntur
1998 849 2122 906 aliis

295 942 604 995 tribuuntur
650 948 705 993 et
747 941 995 994 Varrone
1034 941 1263 1010 indigna
1311 947 1450 994 sunt.
1530 940 1691 995 etiam
1734 939 2011 1010 expositio*
2051 939 2119 999 de

294 1032 537 1084 locorum
573 1030 843 1084 aduerbiis
879 1031 1389 1102 interpolationibus
1433 1030 1754 1102 quibusdam
1807 1038 1862 1085 et
1909 1030 2120 1088 lacunis

295 1124 507 1175 turbata
545 1130 598 1175 et
638 1121 880 1174 mutilata
918 1129 1014 1189 est,
1059 1129 1111 1174 et
1144 1129 1425 1194 praeterea
1460 1121 1556 1174 ille
1613 1128 1776 1193 prout
1826 1121 2031 1191 aliquid
2074 1120 2122 1176 ei

293 1217 351 1270 in
397 1216 659 1269 Varronis
714 1216 852 1268 libro
894 1216 1132 1270 notabile
1187 1215 1475 1269 uidebatur
1521 1215 1875 1287 transcripsit,
1929 1214 2118 1271 ordine

293 1324 475 1360 rerum
516 1325 739 1379 prorsus
777 1314 1106 1377 contemptO,
1154 1305 1299 1375 quod
1344 1306 1400 1358 in
1440 1305 1534 1358 tali
1581 1305 1886 1375 fragmento
1924 1306 1991 1359 ab
2027 1305 2119 1362 ho·

294 1398 436 1450 mine
498 1395 732 1466 quodam
778 1415 890 1448 non
943 1395 1253 1465 indiligenti
1303 1415 1460 1449 suum
1513 1396 1571 1449 in
1628 1414 1785 1449 usum
1830 1394 1924 1450 alii
1981 1395 2120 1450 libro

297 1487 481 1540 addito
532 1506 640 1539 non
691 1486 980 1540 admodum
1021 1486 1217 1539 mirum
1271 1494 1367 1539 est.
1444 1487 1694 1558 exposuit
1739 1487 1911 1557 igitur
1942 1486 2119 1543 Varro

295 1579 424 1631 satis
474 1578 692 1650 copiose
745 1577 814 1630 de
849 1596 951 1630 usu
985 1577 1181 1629 horum
1217 1577 1618 1647 aduerbiorum,
1673 1577 1766 1631 ubi
1814 1576 2121 1632 adhibenda

292 1669 385 1722 ubi
419 1669 641 1722 uitanda
680 1675 879 1736 essent,
934 1685 1149 1738 semper
1194 1667 1496 1739 conparatis
1548 1667 1810 1722 similibus
1857 1667 2116 1737 loquendi

294 1759 557 1813 formuliS.
629 1759 702 1811 ita
742 1777 863 1810 cum
907 1757 1090 1810 uerbis
1141 1758 1397 1811 mouendi
1447 1778 1471 1812 e
1523 1758 1857 1828 aduerbium,
1908 1765 1970 1814 ut
2003 1757 2117 1813 eius

291 1850 525 1903 termino
562 1857 698 1917 utar,
734 1868 847 1902 non
881 1856 940 1902 de
974 1848 1234 1918 coniungi
1272 1848 1442 1917 iussit,
1491 1856 1551 1901 ut
1599 1870 1624 1903 e
1658 1855 1936 1914 prouincia,
1986 1868 2012 1904 θ
2047 1867 2117 1904 se·-

291 1950 412 1995 natu
461 1947 621 2008 redeo,
677 1942 818 1992 ‘nam
876 1939 944 1992 de
992 1939 1274 2010 prouincia
1329 1938 1696 1993 existimamus
1747 1957 1867 1992 cum
1923 1937 1992 1993 de
2057 1956 2120 1992 ca

292 2031 433 2084 bene
474 2038 565 2083 aut
599 2031 741 2083 male
778 2029 1184 2102 praedicamus’.
1258 2047 1362 2100 qua
1412 2028 1469 2081 in
1518 2046 1580 2081 re
1616 2028 1948 2098 reliquorum
1989 2046 2115 2100 quo-

294 2139 399 2191 que
437 2121 819 2174 aduerbiorum
856 2119 1308 2190 significationem
1345 2119 1591 2191 respexit
1632 2126 1684 2172 et
1733 2118 2013 2190 explicuit,
2060 2125 2119 2178 ut

294 2232 318 2265 e
354 2218 571 2266 contione
610 2218 755 2273 uenit,
807 2218 861 2265 in
899 2217 1114 2265 contione
1149 2217 1259 2272 stat,
1300 2215 1359 2263 de
1398 2217 1616 2263 contione
1651 2214 1880 2278 loquitur,
1925 2208 2056 2261 item
2093 2227 2118 2265 θ

292 2322 438 2358 scena
470 2301 624 2355 uenit
641 2308 807 2370 actor,
843 2322 874 2355 a
907 2321 1052 2356 scena
1087 2307 1379 2371 spectator,
1415 2307 1603 2353 contra
1637 2306 1910 2372 spectator-
1943 2305 2115 2356 ethea-

292 2402 382 2457 tr0,
432 2400 581 2447 actor
617 2413 649 2446 a
690 2399 889 2455 theatro,
938 2399 997 2446 de
1036 2411 1179 2446 scena
1225 2390 1482 2463 loquitur,
1535 2399 1589 2445 in
1623 2399 1778 2446 scena
1802 2389 2116 2463 pronuntiat

292 2491 443 2537 actor
478 2483 776 2537 secundum
813 2502 1137 2555 graccorum
1174 2482 1437 2552 loquendi
1468 2499 1691 2549 morem,
1726 2479 2026 2535 secundum
2043 2479 2115 2533 la-

292 2573 528 2626 tinorum
562 2594 657 2640 pro
692 2594 849 2637 scena,
891 2573 1034 2628 ‘nam
1072 2573 1208 2626 exiit
1234 2590 1264 2625 e
1295 2573 1494 2625 scena'.
1534 2571 1782 2626 similiter
1810 2591 1909 2637 pro
1944 2577 2120 2627 rostris

292 2664 354 2717 ‘is
394 2665 732 2717 contionatur
767 2665 856 2736 qui
890 2664 972 2718 his
1013 2664 1142 2716 dicit
1165 2663 1256 2733 qui
1292 2671 1415 2716 ante
1442 2670 1615 2716 rostra
1639 2668 1780 2730 sunt,
1806 2679 1906 2732 pro
1930 2659 2118 2714 rostris

292 2756 437 2808 enim
475 2763 528 2808 et
563 2763 690 2808 ante
731 2756 879 2808 idem
917 2757 1075 2809 sunt'.
1146 2763 1207 2808 ut
1246 2774 1270 2809 e
1300 2761 1564 2820 prouincia
1595 2758 1781 2820 uenire,
1830 2751 1906 2804 ita
1957 2750 2119 2806 ctiam

294 2866 318 2900 e
359 2852 538 2900 tabulis
571 2853 792 2910 recitare,
848 2866 873 2900 e
905 2855 1102 2900 senatus
1136 2852 1372 2899 sententia
1408 2842 1700 2897 dicendum
1741 2859 1859 2917 esse
1896 2840 2119 2907 censuit,

292 2935 389 2989 sed
444 2935 641 2988 litteris
697 2953 987 3008 perperam
1023 2935 1243 2989 inscribi
1280 2940 1425 2989 datae
1460 2954 1484 2989 e
1521 2938 1690 2990 Gallia
1726 2932 1817 2986 uel
1851 2938 1908 2987 in
1943 2936 2114 2993 Roma,

294 3045 415 3079 nam
454 3026 510 3078 in
544 3026 666 3079 loco
706 3025 836 3078 dari.
877 3025 1035 3079 etiam
1075 3025 1142 3078 de
1177 3025 1262 3079 his
1301 3023 1574 3078 aduerbiis
1610 3042 1731 3078 cum
1769 3022 1950 3081 uerbis
1993 3038 2115 3075 con·

289 3249 409 3293 libro
455 3248 716 3306 sumpsisse,
755 3262 832 3292 res
872 3250 1028 3292 tamen
1070 3252 1167 3292 tam
1201 3248 1412 3293 diuersae
1451 3249 1500 3291 et
1537 3246 1851 3304 discrepantes
1891 3246 2017 3291 inter
2060 3259 2109 3289 se

292 3331 412 3382 sunt,
446 3331 499 3372 ut
521 3328 569 3371 in
587 3328 674 3372 hac
691 3342 742 3371 re
761 3327 1105 3371 Lachmannum
1127 3327 1256 3384 sequi
1275 3342 1369 3371 non
1399 3325 1605 3382 audeam,
1638 3340 1741 3370 cum
1777 3326 2114 3382 circumspecte

290 3412 337 3452 et
373 3411 508 3452 caute
537 3407 612 3452 hic
646 3407 877 3465 agendum
908 3421 1009 3451 esse
1044 3407 1210 3451 doceat
1245 3407 1357 3451 satis
1387 3407 1540 3463 ampla
1570 3405 1629 3451 de
1660 3423 1716 3450 ex
1744 3409 1793 3450 et
1826 3408 1878 3451 ab
1909 3405 2113 3450 scriben-

290 3488 362 3531 dis
393 3488 634 3545 expositio,
665 3501 804 3544 quam
832 3487 934 3544 ipse
956 3500 983 3530 a
1002 3486 1212 3532 Varrone
1243 3487 1442 3531 alienam
1471 3499 1570 3531 esse
1601 3485 1839 3541 iudicauit,
1870 3489 1919 3533 et
1943 3499 2113 3533 memo-

289 3568 359 3614 ria
390 3571 588 3613 aliorum
617 3567 775 3613 statim
811 3567 858 3610 in
892 3566 1027 3611 initio
1062 3567 1270 3623 excerpti
1298 3565 1463 3622 posita.
