2280 4088
928 999 1062 1068 1111

243 1197 421 1264 Quam
457 1195 699 1266 egregiis
736 1213 799 1247 ac
836 1212 1011 1267 paene
1055 1194 1421 1266 singularibus
1461 1193 1650 1265 ingeni
1689 1193 1913 1247 faculta-

76 1289 220 1343 tibus
256 1287 326 1340 ad
362 1286 672 1340 tractandas
708 1285 1052 1354 quaestiones
1087 1285 1372 1339 historicas
1397 1284 1662 1358 cuiusque
1691 1284 1911 1355 generis

75 1381 250 1443 Varro
289 1378 570 1452 praeditus
604 1377 770 1432 fuerit
809 1385 1119 1450 quantoque
1160 1376 1339 1430 studio
1377 1383 1431 1429 et
1459 1393 1644 1429 amore
1683 1394 1741 1430 se
1783 1394 1911 1430 con-

71 1470 336 1529 locauerit
373 1489 486 1524 non
525 1470 701 1523 solum
739 1469 795 1522 in
833 1468 1231 1541 inuestigandis
1268 1488 1331 1522 ac
1367 1467 1778 1539 perscrutandis
1820 1488 1909 1521 an-

70 1564 343 1635 tiquorum
385 1580 732 1616 romanorum
773 1561 1016 1615 moribus
1070 1568 1124 1613 et
1177 1559 1454 1628 institutiS,
1504 1578 1696 1613 uerum
1744 1559 1909 1613 etiam

69 1654 126 1708 in
158 1653 506 1724 exquirenda·
537 1660 591 1706 et
629 1652 972 1706 inlustranda
1008 1652 1316 1705 litterarum
1354 1651 1791 1724 scriptorumque
1828 1651 1908 1704 hi-

69 1745 233 1800 storia
290 1745 624 1799 demonstrat
678 1743 844 1815 longa
886 1743 1053 1797 series
1107 1761 1335 1816 operum
1373 1742 1809 1796 doctissimorum
1855 1749 1910 1796 et

69 1836 544 1908 amplissimorum,
597 1835 877 1907 quamde
925 1834 1008 1888 his
1058 1835 1222 1888 rebus
1265 1834 1566 1907 conposuit.
1640 1853 1751 1888 non
1813 1834 1909 1887 mi-

70 1946 191 1982 rum
241 1927 414 1998 igitur
468 1934 566 1995 est,
625 1926 770 1998 quod
822 1926 985 1979 etiam
1038 1926 1096 1980 in
1143 1927 1307 1979 rebus
1361 1925 1731 1997 grammaticis
1789 1944 1909 1996 par-

72 2027 212 2082 tem
238 2017 568 2086 historicam,
625 2037 784 2089 quam
833 2017 1074 2089 alioquin
1123 2016 1180 2070 in
1228 2017 1439 2071 deliciis
1484 2017 1688 2085 habuit,
1729 2034 1911 2088 respe-

73 2110 181 2164 xit
202 2117 258 2163 et
294 2129 395 2183 pro
429 2109 577 2163 uirili
616 2117 769 2182 parte
812 2110 869 2163 in
905 2108 990 2162 his
1030 2127 1246 2180 quoque
1296 2108 1506 2178 studiis,
1559 2126 1696 2181 quae
1742 2108 1910 2162 hodie

74 2202 293 2257 demum
326 2209 477 2255 recte
519 2201 889 2270 aestimantur,
932 2201 1250 2255 elaborauit.
1307 2201 1520 2254 etiamsi
1555 2219 1690 2254 uero
1725 2200 1782 2254 in
1823 2219 1911 2262 ce-⁷

14 2339 18 2342 .
77 2293 208 2347 teris
243 2292 397 2347 libris
429 2292 798 2364 grammaticis
835 2292 932 2357 has
970 2292 1315 2363 quaestiones
1346 2292 1657 2365 ubicunque
1694 2311 1806 2346 non
1841 2292 1908 2346 ab

72 2390 394 2454 argumento
433 2383 642 2437 alienae
667 2391 833 2437 erant
872 2403 1070 2454 magno
1108 2403 1230 2437 cum
1268 2384 1471 2456 gaudio
1499 2385 1591 2439 uel
1618 2385 1800 2456 attigit
1817 2386 1911 2439 uel

70 2475 375 2537 accuratius
411 2475 683 2543 tractauit,
741 2475 848 2529 duo
903 2483 1086 2529 tamen
1146 2476 1485 2549 potissimum
1544 2496 1712 2550 opera
1769 2485 1910 2548 sunt,

73 2584 208 2637 quae
245 2565 322 2619 eis
359 2565 704 2619 instituendis
748 2565 1056 2634 destinauit,
1105 2566 1274 2620 libros
1315 2566 1437 2620 dico
1474 2567 1543 2620 de
1583 2568 1904 2641 antiquitate

69 2658 372 2729 litterarum
428 2664 481 2710 et
530 2655 599 2709 de
655 2656 867 2728 origine
916 2657 1135 2728 linguae
1190 2658 1409 2723 latinae.
1483 2659 1591 2712 illis
1650 2660 1794 2713 enim
1842 2660 1909 2714 de

71 2748 388 2816 inuentione
445 2754 499 2800 et
548 2737 945 2821 propagatione
1000 2749 1304 2803 litterarum
1365 2750 1647 2822 exposuit,
1711 2751 1768 2804 in
1824 2752 1909 2806 his

71 2831 368 2911 primordia
406 2847 460 2893 et
500 2857 826 2912 progressus
865 2840 1026 2913 patrii
1064 2841 1330 2895 sermonis
1361 2850 1680 2913 persecutus
1722 2851 1818 2898 est.

235 2930 430 2985 Libros
467 2931 547 2985 de
584 2932 1023 3002 antiquitate
1060 2932 1472 2986 litterarum
1509 2952 1616 2988 uno
1654 2936 1908 2990 nouimus

69 3020 334 3076 Prisciani
361 3022 688 3091 testimonie,
727 3023 818 3092 qui
853 3024 883 3077 Ι
905 3024 938 3076 3
966 3042 1018 3095 p.
1045 3025 1074 3076 7
1114 3041 1303 3077 eorum
1341 3021 1641 3078 secundum
1669 3026 1907 3080 adhibet.

71 3116 203 3185 quot
223 3100 412 3185 *igitur
453 3113 658 3168 fuerint
695 3114 987 3184 nescimUS,
1025 3115 1122 3168 sed
1159 3115 1439 3169 minimum
1479 3123 1587 3169 tres
1627 3117 1794 3170 fuisse
1838 3135 1907 3170 ex

72 3215 223 3278 more
259 3203 365 3256 uiri
404 3203 898 3274 πολυγραφωτάτου
924 3206 1315 3276 conligendum
1341 3213 1438 3260 est.
1477 3207 1701 3261 eosdem
1724 3215 1904 3261 autem

69 3292 169 3359 hos
194 3294 364 3348 libros
401 3314 520 3349 esse
554 3304 715 3370 atque
752 3297 923 3351 libros
963 3297 1029 3349 ad
1052 3297 1283 3366 Attium,
1324 3317 1458 3370 quos
1496 3299 1580 3351 bis
1609 3298 1904 3369 Pompeius

70 3386 138 3440 ad
163 3386 437 3440 Donatum
452 3378 486 3439 'I
507 3388 554 3441 7.
577 3388 640 3440 17
679 3406 732 3459 p.
755 3387 804 3440 9.
825 3387 891 3438 27
925 3386 1083 3440 Lind.
1124 3390 1351 3460 profert,
1391 3395 1500 3442 tam
1538 3389 1706 3443 firmis
1742 3408 1903 3460 argu-

74 3477 268 3531 mentis
306 3480 662 3550 conprobauit
688 3479 1014 3534 Ritschelius
1051 3499 1176 3534 nou.
1221 3500 1356 3534 mus,
1391 3481 1474 3533 rh.
1494 3481 1577 3533 VI
1612 3500 1664 3552 p.
1686 3481 1807 3551 530,
1845 3491 1905 3536 ut

70 3586 180 3622 non
214 3567 332 3620 ucri
365 3568 539 3622 simile
579 3571 672 3623 sed
702 3578 910 3623 certum
938 3571 1021 3625 sit.
1062 3572 1296 3642 primum
1326 3571 1470 3624 enim
1498 3572 1625 3626 talia
1650 3590 1720 3626 ex
1747 3573 1902 3626 libris
