2294 4062
1041 338 1070 384 9

141 480 331 551 widemir
371 483 462 534 καὶ
495 482 685 544 κάλλος
720 475 1018 551 ἑρμηνείας,
1074 472 1145 531 ὧν
1198 481 1285 531 δεῖ
1314 481 1676 546 στοχάζεσθαι
1713 480 1807 549 τὴν
1844 481 1966 532 σύν-ι

138 575 315 624 θεων·
351 572 542 640 ταύτης
577 573 674 638 μὲν
711 574 803 640 τῆς
838 571 1204 639 πραγματείας
1239 570 1465 639 ἀπέστην
1490 575 1598 623 κτλ.
1636 573 1829 645 quibus
1847 591 1967 627 uer-

137 665 219 720 bis
263 684 388 719 cum
433 665 770 718 dialecticam
819 665 1021 718 stoicae
1069 672 1362 734 syntaxeos
1403 665 1670 718 rationem
1690 665 1732 733 1)
1770 684 1968 736 cogno-

136 756 352 824 scimus,
392 765 502 810 tum
542 757 639 810 illo
675 763 920 827 tempore
954 755 1244 827 unicuique
1286 756 1375 824 qui
1416 755 1482 808 de
1521 758 1816 810 uerborum
1843 775 1967 810 con-

137 847 434 901 structione
479 847 594 900 siue
640 847 826 899 rhetor
877 845 992 899 siue
1046 845 1432 916 grammaticus
1488 846 1725 899 scribere
1781 846 1967 913 uellet,

135 938 372 1008 primum
418 938 720 991 doctrinam
770 937 1062 990 stoicorum
1115 937 1172 988 in
1214 943 1450 989 mentem
1486 937 1695 1004 uenire,
1746 937 1967 990 illorum

135 1036 425 1101 praecepta
461 1027 823 1100 circumspici,
863 1029 928 1081 ab
970 1027 1187 1080 illorum
1220 1027 1409 1079 studiis
1447 1046 1631 1080 omnes
1654 1026 1965 1081 huiusmodi

137 1119 479 1192 quaestiones
517 1118 799 1189 proficisci.

299 1209 597 1262 Videamus
631 1228 791 1277 nunc,
826 1210 1012 1280 paucis
1051 1209 1479 1262 deVarronis
1520 1210 1968 1280 philosophia

132 1299 459 1374 praemissiS,
503 1319 639 1370 quae
678 1301 818 1354 ratio
857 1301 1000 1354 inter
1036 1300 1535 1353 Alexandrinorum
1578 1308 1631 1353 et
1656 1299 1968 1355 Stoicorum

132 1390 543 1462 grammaticam
582 1398 638 1443 et
672 1390 841 1444 libros
876 1391 944 1443 de
981 1391 1172 1461 lingua
1212 1390 1375 1442 latina
1412 1390 1496 1443 sit.
1536 1391 1710 1442 Varro
1736 1398 1849 1442 erat
1875 1410 1966 1444 au—-

135 1481 278 1536 ditor
322 1489 378 1534 et
409 1481 688 1535 familiaris
737 1482 996 1535 Antiochi
1034 1481 1382 1535 Ascalonitae
1437 1480 1576 1550 (Cic.
1618 1481 1789 1535 Acad.
1828 1490 1965 1553 post.

132 1572 164 1626 I
195 1573 246 1641 3,
283 1571 362 1625 12.
395 1571 577 1641 4,13),
630 1572 780 1624 cuius
822 1572 1020 1643 placita
1053 1580 1244 1643 postea
1282 1590 1495 1642 quoque
1531 1572 1783 1643 probauit
1824 1571 1965 1641 (Cic.

134 1661 289 1735 epist.
330 1661 400 1715 ad
436 1663 550 1716 Att.
586 1663 731 1716 XIII
760 1662 840 1732 12,
875 1665 926 1716 3.
963 1664 1045 1731 16,
1081 1664 1130 1727 1)
1181 1663 1548 1731 extremisque
1589 1663 1734 1715 uitae
1773 1663 1962 1716 lustris

133 1752 430 1824 diligenter
467 1755 719 1826 exposuit
739 1755 782 1823 2)
822 1755 1139 1826 (Augustin.
1185 1754 1253 1807 de
1288 1755 1390 1808 ciu.
1433 1754 1520 1807 dei
1557 1754 1793 1808 XVIIII
1815 1755 1864 1823 3,
1893 1756 1964 1820 2).

298 1989 340 2042 1)
370 1989 620 2035 Praeterea
634 1991 825 2048 Dionysi
847 1993 951 2037 loco
979 1992 1224 2046 euincitur‚
1255 1996 1302 2036 et
1333 1993 1436 2036 illos
1455 1992 1697 2049 Chrysippi
1727 1992 1870 2036 libros
1905 1993 1961 2036 de

130 2070 363 2135 rhetorica
387 2086 482 2114 non
502 2071 650 2136 egisse
671 2071 967 2126 (rhetoricam
998 2086 1108 2115 uero
1132 2072 1267 2117 stoici
1291 2073 1348 2116 ad
1381 2055 1670 2118 dialecticam
1698 2072 1963 2117 referebant

130 2151 183 2195 L.
211 2151 267 2196 D.
298 2151 383 2195 VII
409 2149 496 2208 41),
530 2155 578 2195 et
610 2151 648 2194 si
677 2152 950 2208 Dionysium
982 2155 1099 2197 bene
1131 2153 1324 2210 elegisse
1357 2153 1585 2197 credimus
1618 2153 1741 2209 quod
1771 2152 1822 2195 in
1858 2166 1965 2196 con-

131 2215 377 2276 scribendo
409 2243 549 2287 opere
581 2229 836 2284 adhiberet,
883 2230 932 2272 in
975 2230 1076 2273 aliis
1118 2245 1299 2286 quoque
1334 2224 1463 2274 libris
1493 2230 1610 2274 hanc
1645 2245 1671 2274 a
1704 2229 1961 2286 Chrysippo

131 2315 232 2354 esse
261 2304 535 2366 neglectam,
578 2308 702 2364 quod
731 2309 781 2352 in
811 2308 1044 2365 plerisque
1086 2308 1259 2353 factum
1301 2325 1399 2354 esse
1438 2309 1577 2353 index
1606 2311 1685 2354 isse
1718 2309 1963 2355 confirmat

132 2389 418 2434 Laertianus.

295 2468 341 2524 2)
373 2467 479 2512 Non
507 2471 636 2513 recte
665 2468 715 2511 L.
747 2468 959 2512 Krahner
1001 2469 1058 2512 de
1090 2470 1310 2514 Varronis
1354 2471 1519 2527 philos.
1552 2486 1596 2528 p.
1625 2470 1654 2514 3
1691 2470 1959 2515 Ciceronem

130 2546 255 2592 illius
284 2546 405 2591 libro
438 2546 496 2592 de
526 2548 820 2606 philosophia
853 2549 1116 2606 (Augustin.
1147 2550 1176 2592 1.
1195 2550 1224 2592 l.
1257 2551 1429 2595 XVIIII
1449 2551 1488 2605 1,
1517 2550 1562 2606 1)
1598 2566 1729 2595 usum
1774 2566 1874 2595 esse
1917 2554 1965 2595 et

129 2625 500 2680 academicorum
526 2627 780 2670 sententias
807 2627 930 2671 illius
959 2628 1114 2673 uerbis
1134 2629 1448 2674 introduxisse
1467 2630 1556 2674 sibi
1576 2629 1821 2686 persuasit.
1855 2643 1961 2672 nam
2018 2623 2021 2625 ’

126 2704 400 2763 ΡΥἰιῑιιιιῐιεί
429 2718 504 2748 res
534 2704 601 2747 ita
634 2708 769 2758 esset,
805 2706 965 2750 Cicero
997 2707 1139 2752 Acad.
1173 2712 1294 2765 post.
1326 2709 1346 2751 Ι
1375 2707 1462 2762 1,3
1493 2708 1648 2752 dicere
1680 2723 1772 2752 non
1803 2710 1959 2766 potuit

128 2802 295 2843 quaero
334 2801 414 2828 cm·
456 2801 550 2827 cum
594 2786 733 2827 multa
769 2787 928 2827 scribis
960 2803 1135 2843 yantas
1170 2788 1268 2829 hoc
1300 2790 1772 2844 praetermittas,
1806 2787 1862 2830 de
1894 2802 1964 2831 re-

125 2865 217 2910 bus
241 2856 575 2922 philosophicis
606 2863 824 2920 loquens;
858 2864 1024 2909 deinde
1056 2865 1204 2909 Varro
1237 2866 1362 2923 apud
1380 2866 1648 2919 Ciceronem
1679 2866 1759 2922 12,
1783 2867 1811 2911 8
1842 2871 1964 2911 satu-

126 2954 202 2989 ras
234 2945 526 2989 laudationes
561 2945 892 3002 antiquitatum
935 2947 1173 3003 prooemia
1217 2948 1446 3004 perhibet,
1495 2947 1611 2992 nihil
1658 2947 1715 2990 de
1761 2948 1964 3004 philoso-

126 3025 265 3083 phico
295 3026 494 3082 quodam
523 3026 646 3070 libro
678 3031 926 3083 memorat;
976 3028 1175 3084 denique
1211 3028 1397 3072 nonnisi
1427 3028 1494 3071 ita
1527 3029 1624 3072 fere
1655 3031 1707 3071 ut
1739 3028 1767 3070 1.
1801 3029 1830 3071 l.
1865 3029 1885 3071 I
1920 3029 1962 3083 2,

127 3103 162 3150 4:
185 3118 251 3160 sq.
287 3104 437 3149 Varro
476 3106 670 3162 exponit
715 3106 772 3150 de
808 3107 1101 3164 philosophia
1141 3111 1188 3151 et
1229 3107 1300 3151 his
1340 3108 1478 3151 rebus
1519 3107 1663 3151 latine
1704 3108 1961 3152 scribendis

125 3196 304 3233 reuera
327 3185 569 3242 cogitauit,
592 3191 729 3244 aptus
755 3192 856 3232 erat
888 3189 1015 3232 cuius
1047 3189 1256 3246 exemplo
1290 3189 1448 3233 Cicero
1481 3189 1603 3233 ciues
1635 3203 1739 3231 suos
1765 3189 1958 3232 meliora

125 3262 356 3331 edoceret.
386 3266 593 3322 .accedit‚
626 3267 683 3311 de
715 3282 805 3324 quo
840 3268 1015 3326 optime
1046 3268 1100 3312 A.
1139 3269 1190 3311 B.
1223 3268 1419 3312 Krische
1453 3269 1554 3312 ueb.
1593 3268 1778 3312 Ciceros
1817 3268 1956 3311 Acad.

123 3342 424 3421 choetting.
444 3347 564 3391 stud.
587 3348 702 3392 1845
721 3364 765 3406 p.
786 3348 871 3392 175
901 3349 1141 3403 iudicauit,
1144 3349 1294 3408 quod
1319 3350 1629 3406 fragmentum
1661 3363 1717 3391 ex
1747 3348 1827 3391 illo
1846 3348 1958 3391 Var-

123 3408 252 3467 fenis
283 3417 406 3471 libro
437 3426 494 3470 ab
530 3426 792 3484 Augustino
824 3431 1059 3472 seruatum
1090 3403 1209 3473 libro
1243 3429 1454 3472 Tulliano
1498 3429 1554 3472 de
1594 3427 1761 3471 finibus
1796 3429 1957 3483 quinto

126 3492 392 3570 ι’·ἕῷὃιιᾶθὺ,
425 3508 534 3563 post
564 3519 734 3548 annum
763 3505 910 3563 igitur
939 3504 1026 3550 709
1059 3507 1281 3564 scriptum
1314 3522 1412 3551 esse
1446 3510 1633 3564 oportet
1665 3507 1737 3562 (cf.
1757 3507 1811 3551 N.
1830 3508 1958 3551 Mad-

128 3580 208 3639 vig
232 3578 382 3640 praef.
414 3585 505 3630 Cic.
539 3584 596 3630 de
629 3584 757 3630 finib.
790 3601 833 3643 p.
851 3586 1056 3643 LVIIII).
