2280 4088
1023 275 1120 322 143

151 432 274 474 eum
305 420 476 473 uerba
515 421 621 473 sint
657 437 859 488 rerum,
898 419 1114 489 quando
1151 418 1370 491 deipsis
1390 419 1652 488 obtinent,
1691 419 1987 473 uerborum

149 520 330 566 autem
368 514 464 567 illa
517 514 710 582 quibus
751 513 819 566 de
861 512 945 564 his
998 510 1303 581 disputatur
1342 510 1491 579 (nam
1531 529 1656 563 cum
1696 511 1763 563 de
1803 510 1987 563 uerbis

66 655 78 663 „
147 601 298 672 loqui
338 603 443 656 nisi
477 603 664 657 uerbis
698 620 1048 674 nequeamus,
1086 609 1141 654 et
1175 620 1297 653 cum
1334 600 1608 672 loquimur
1644 619 1755 654 non
1780 600 1887 654 nisi
1920 601 1987 653 de

150 693 420 764 aliquibus
461 695 624 748 rebus
663 693 978 766 loquimur),
1017 691 1250 746 occurrit
1301 691 1482 745 animo
1522 691 1594 744 ita
1646 709 1766 745 esse
1819 692 1987 744 uerba

91 789 126 834 5
149 785 306 858 signa
342 799 542 853 rerum,
577 793 637 838 ut
672 802 759 838 res
800 802 918 838 esse
954 803 1065 837 non
1105 783 1371 837 desinant.
1423 799 1544 835 cum
1585 801 1720 855 ergo
1757 783 1989 836 uerbum

148 890 241 930 ore
274 875 540 949 procedit,
582 877 626 928 si
666 883 891 947 propter
925 892 982 927 se
1014 874 1263 947 procedit
1291 873 1348 925 id
1377 882 1458 928 est
1486 882 1546 926 ut
1575 873 1643 927 de
1670 874 1789 944 ipso
1810 873 1982 926 uerbo

146 965 350 1037 aliquid
386 973 676 1037 quaeratur
711 974 803 1019 aut
837 965 1156 1038 disputetur,
1191 983 1277 1018 res
1306 973 1389 1018 est
1410 965 1600 1036 utique
1636 962 1986 1037 disputationi

148 1057 560 1128 quaestioniqu‘e
600 1057 858 1126 subiecta,
891 1057 989 1110 sed
1023 1057 1142 1128 ipsa
1178 1072 1264 1110 res
1299 1056 1532 1109 uerbum
1561 1064 1802 1110 uocatur.
1841 1055 1988 1125 quic·

150 1147 282 1218 quid
319 1155 500 1200 autem
536 1165 604 1200 ex
640 1147 812 1199 uerbo
852 1165 964 1199 non
999 1148 1142 1199 auris
1179 1147 1278 1200 sed
1317 1147 1528 1200 animus
1569 1147 1731 1200 sentit
1771 1155 1824 1199 et
1866 1147 1984 1219 ipso

57 1241 116 1287 10
147 1238 325 1291 animo
364 1229 582 1290 tenetur
611 1237 884 1289 inclusum
910 1237 1127 1290 dicibile
1152 1245 1394 1291 uocatur.
1433 1255 1557 1290 cum
1585 1254 1717 1291 uero
1754 1238 1987 1291 uerbum

149 1319 402 1401 procedit
434 1345 546 1380 666
582 1334 809 1399 propter
846 1345 903 1379 se
942 1326 1039 1379 sed
1077 1335 1305 1398 propter
1343 1327 1491 1380 aliud
1529 1327 1737 1398 aliquid
1778 1327 1987 1398 signifi-

148 1417 382 1472 candum
419 1417 583 1470 dictio
622 1425 866 1470 uocatur.
938 1434 1026 1470 res
1063 1425 1245 1470 autem
1282 1417 1401 1490 ipsa
1437 1435 1574 1487 quae
1608 1418 1718 1470 iam
1755 1418 1987 1471 uerbum

51 1564 58 1567 „
146 1518 257 1563 non
294 1516 378 1563 est
410 1525 592 1577 neque
626 1507 781 1561 uerbi
820 1507 878 1560 in
914 1515 1096 1560 mente
1142 1507 1444 1580 conceptiO,
1484 1507 1600 1562 siue
1636 1508 1834 1562 habeat
1867 1526 1988 1562 uer-

146 1595 275 1655 bum
325 1615 430 1673 quo
480 1599 780 1671 significari
826 1599 999 1671 possit
1054 1599 1168 1653 siue
1223 1619 1336 1654 non
1382 1600 1595 1668 habeat,
1652 1600 1792 1653 nihil
1837 1599 1986 1654 aliud

146 1774 499 1833 pronuntiatum
515 1777 599 1828 est,
634 1773 778 1819 dictio
809 1774 921 1818 fuit:
953 1789 1049 1818 non
1083 1774 1204 1818 enim
1231 1777 1427 1831 propter
1459 1790 1506 1819 se
1539 1777 1774 1833 prolatum
1797 1779 1881 1830 est,
1903 1777 1986 1821 sed

147 1837 201 1898 ut
235 1849 290 1878 eo
323 1833 694 1892 significarentur
723 1835 798 1877 uel
831 1834 955 1877 bella
986 1848 1103 1890 quae
1137 1836 1283 1891 gessit
1300 1836 1481 1880 Aeneas
1514 1837 1589 1879 uel
1624 1839 1805 1881 scutum
1838 1839 1884 1880 et
1916 1851 1987 1881 ce-

146 1897 270 1950 tera,
317 1907 434 1951 quae
479 1893 713 1938 Vulcanus
762 1894 895 1937 heroi
939 1894 1192 1937 fabricatus
1240 1897 1329 1938 est.
1407 1895 1511 1951 ipsa
1566 1910 1678 1940 uero
1730 1897 1856 1940 bella
1911 1895 1987 1940 uel

144 1967 286 2008 mma,
317 1968 434 2011 quae
468 1958 600 2010 gesta
630 1958 712 1997 aut
743 1957 926 2010 gestata
957 1954 1089 2010 (corr.
1131 1957 1292 1997 Vsener
1324 1972 1406 2012 pro
1441 1955 1626 2012 ingesta
1659 1973 1714 1999 ex
1750 1959 1791 1999 D
1824 1961 1871 2000 in
1903 1973 1986 2014 quo

145 2013 364 2074 Qestata)
397 2017 506 2057 sunt
547 2014 604 2057 ab
650 2013 808 2057 Aenea
857 2014 980 2070 (ipsa
1026 2012 1213 2070 inquam
1246 2027 1361 2069 quae
1395 2029 1498 2058 cum
1529 2018 1805 2072 gererentur
1849 2018 1988 2072 atque

147 2077 302 2118 essent
337 2068 620 2117 uidebantur
663 2087 871 2129 quaeque
911 2073 950 2116 si
988 2088 1111 2118 nunc
1152 2073 1371 2117 adessent
1412 2075 1488 2118 uel
1531 2075 1679 2132 digito
1727 2079 1989 2120 monstrare

145 2146 383 2190 possemus
414 2136 492 2176 aut
527 2136 734 2189 tangere,
783 2146 900 2189 quae
931 2133 1114 2176 etiamsi
1155 2147 1249 2176 666
1295 2133 1563 2190 cogitentur
1607 2150 1701 2178 non
1745 2149 1799 2179 eo
1829 2138 1988 2179 tamen

145 2190 200 2236 fit
228 2196 282 2237 ut
310 2207 404 2237 non
427 2192 617 2248 fuerint)
651 2192 754 2249 ipsa
782 2207 892 2249 ergo
925 2207 1011 2248 per
1042 2207 1090 2235 se
1120 2207 1206 2236 nec
1238 2193 1382 2236 uerba
1412 2198 1521 2238 sunt
1550 2209 1636 2239 nec
1661 2193 1867 2238 dicibilia
1899 2209 1986 2239 666

147 2251 386 2306 dictiones,
422 2251 505 2296 sed
542 2266 618 2295 res
651 2265 768 2307 quae
799 2254 892 2295 iam
923 2252 1115 2308 proprio
1151 2252 1336 2296 nomine
1367 2267 1441 2296 res
1477 2258 1718 2298 uocantur.
1779 2257 1986 2298 tractan-

148 2310 257 2356 dum
298 2315 370 2356 est
400 2312 545 2369 igitur
576 2312 710 2355 nobis
740 2312 789 2354 in
820 2312 908 2355 hac
939 2316 1073 2368 parte
1106 2311 1377 2356 dialecticae
1414 2313 1470 2357 de
1499 2314 1671 2369 uerbis,
1704 2314 1760 2358 de
1790 2314 1985 2358 dicibili-

146 2370 248 2428 bus,
282 2371 340 2416 de
368 2371 665 2425 dictionibus,
698 2370 755 2415 de
784 2372 936 2415 rebus,
969 2371 1018 2414 in
1051 2371 1218 2427 quibus
1251 2372 1465 2417 omnibus
1498 2388 1603 2417 cum
1632 2373 1806 2430 partim
1843 2374 1988 2418 uerba

147 2430 466 2488 significentur
497 2431 672 2487 partim
703 2445 799 2474 non
828 2431 986 2487 uerba,
1028 2431 1146 2475 nihil
1176 2434 1248 2474 est
1281 2435 1451 2488 tamen,
1493 2432 1550 2476 de
1582 2448 1672 2489 quo
1703 2448 1799 2477 non
1829 2433 1987 2477 uerbis

149 2489 386 2548 disputare
417 2504 606 2535 necesse
639 2490 712 2534 sit.
773 2490 930 2546 itaque
963 2490 1021 2534 de
1051 2489 1123 2534 his
1150 2491 1302 2548 primo
1338 2491 1605 2549 disputetur
1648 2507 1733 2550 per
1777 2507 1893 2549 quae
1929 2492 1987 2536 de

149 2549 318 2595 ceteris
351 2550 591 2607 disputare
623 2549 912 2594 conceditur.

195 2645 201 2649 ,
258 2658 262 2661 Α
313 2609 466 2667 Igitur
495 2610 692 2653 uerbum
724 2609 968 2665 quodlibet
1000 2612 1196 2666 excepto
1232 2624 1345 2654 sono
1370 2610 1443 2667 (de
1476 2625 1565 2667 quo
1597 2612 1716 2656 bene
1750 2611 1989 2668 disputare

150 2666 515 2722 sescenis-„atem
546 2668 782 2713 dialectici
812 2668 1030 2724 pertinet,
1063 2683 1158 2712 non
1189 2670 1248 2713 ad
1280 2669 1572 2715 dialecticam
1598 2671 1905 2728 disciplinam,
1937 2674 1990 2714 ut

152 2725 441 2773 defensiones
477 2728 711 2772 Ciceronis
749 2732 857 2772 sunt
889 2728 1075 2784 quidem
1105 2728 1366 2777 rhetoricae
1397 2729 1632 2774 facultatis
1681 2732 1762 2775 sed
1793 2747 1886 2776 non
1916 2730 1989 2774 his

152 2784 348 2831 docetur
376 2788 479 2845 ipsa
508 2787 760 2843 rhetorica)
813 2802 924 2845 ergo
974 2802 1109 2831 omne
1152 2789 1348 2832 uerbum
1387 2794 1575 2846 praeter
1618 2791 1667 2834 id
1702 2791 1824 2847 quod
1856 2794 1990 2834 sonat

151 2849 379 2905 ,quattuor-
402 2846 626 2904 quaedam
656 2848 919 2891 necessario
950 2851 1090 2892 uocat
1122 2847 1172 2891 in
1203 2849 1547 2903 quaestionem:
1604 2851 1831 2908 originem
1861 2864 1990 2894 suam

151 2905 247 2949 uim
287 2905 646 2951 declinationem
680 2906 1032 2951 ordinationem.
1098 2905 1156 2951 de
1207 2907 1386 2965 origine
1427 2909 1562 2953 uerbi
1593 2909 1843 2966 quaeritur,
1884 2924 1989 2954 cum

151 2957 390 3022 quaeritur
419 2965 542 3011 unde
572 2966 640 3010 ita
673 2965 872 3022 dicatur,
919 2981 994 3010 res
1041 2980 1144 3011 mea
1177 2968 1411 3011 sententia
1442 2968 1578 3012 nimis
1614 2970 1797 3014 curiosa
1828 2974 1875 3014 et
1905 2969 1988 3012 mi-

151 3025 544 3070 nusnecessaria.
574 3040 722 3082 neque
751 3026 840 3071 hoc
872 3040 926 3070 eo
955 3025 1071 3069 mihi
1100 3026 1279 3083 placuit
1309 3026 1479 3082 dicere,
1526 3029 1650 3084 quod
1682 3029 1894 3074 Ciceroni
1927 3030 1984 3083 (d.

153 3093 245 3134 nat.
277 3090 398 3130 deor.
431 3089 505 3130 111
529 3092 604 3140 24,
635 3087 711 3142 62)
755 3100 937 3142 (166(166
967 3086 1092 3130 idem
1121 3086 1324 3131 uidetur.
1370 3088 1472 3143 quis
1504 3089 1627 3132 enim
1662 3092 1796 3146 egeat
1829 3092 1987 3134 aucto-

321 3290 345 3337 1
385 3292 610 3355 optinent
645 3253 877 3354 uerbgrum
917 3293 959 3343 G
994 3293 1019 3350 ΙΙ
1058 3297 1086 3342 2
1123 3295 1208 3342 illa
1242 3310 1332 3344 om.
1372 3297 1425 3345 D
1449 3289 1474 3359 Η
1496 3311 1609 3342 nam
1639 3321 1708 3327 —
1739 3296 1986 3359 loquimur

66 3359 73 3366 ‘
151 3361 292 3411 mois
322 3361 520 3410 inclusit
567 3363 746 3412 Vsener
786 3366 810 3424 ΙΙ
847 3358 882 3409 4
920 3364 1168 3427 loquimur
1203 3380 1331 3414 corr.
1375 3380 1433 3414 ex
1481 3366 1729 3438 loqnimur
1769 3367 1820 3414 B
1850 3369 1873 3425 ΙΙ
1909 3383 1986 3414 66-

154 3445 268 3496 euri
307 3444 408 3514 611
449 3452 480 3497 s
535 3453 778 3517 quidquid
825 3455 928 3503 Dp
964 3455 988 3513 ιι
1030 3456 1059 3502 9
1115 3471 1257 3504 aures
1293 3457 1398 3505 BD
1452 3440 1594 3504 aures
1635 3452 1728 3518 ΡΗ
1763 3460 1812 3504 er,
1848 3457 1991 3508 DC‘P

156 3535 216 3565 ex
249 3521 335 3567 sed
368 3523 422 3568 in
442 3538 536 3583 my.
573 3525 604 3571 i.
627 3541 666 3570 e.
706 3529 755 3570 et
779 3526 878 3584 ΒΗ
906 3525 962 3571 11
1004 3525 1205 3587 aliquod
1244 3522 1386 3591 ΒΡΙΙ
1415 3529 1477 3573 14
1518 3527 1650 3589 quod
1676 3528 1729 3576 D
1770 3528 1794 3584 ΙΙ
