2372 4082
1120 344 1215 391 211

244 491 514 546 enarratio
577 500 658 546 est
712 491 1032 564 exquisitio,
1093 509 1194 563 per
1250 509 1412 561 quam
1466 493 1627 546 unius
1686 493 1947 566 cuiusque
2005 493 2090 550 rei

248 572 560 651 qualitatem
603 582 831 652 poeticis
884 581 1146 652 glossulis
1198 581 1549 636 exsoluimus.
1639 583 1948 636 emendatio
2006 593 2088 638 est

245 672 578 725 recorrectio
635 690 910 740 errorum,
981 671 1071 742 qui
1121 689 1222 743 per
1287 672 1609 744 scripturam
1665 674 2088 729 dictationemue

247 763 399 816 fiunt.
437 763 702 817 iudicium
740 770 823 816 est
857 763 1177 832 aestimatiO,
1211 782 1316 834 qua
1339 782 1536 835 poema
1566 773 1854 836 ceteraque
1890 767 2090 839 scripta

185 859 215 904 5
244 853 652 925 perpendimus.

148 1023 212 1073 94
383 1006 600 1061 Nomen
621 1008 784 1062 unius
806 1008 1069 1079 cuiusque
1091 1008 1306 1062 litterae
1329 1027 1515 1063 omnes
1545 1011 1673 1063 artis
1695 1010 1895 1063 latores
1932 1028 2088 1083 prae-

244 1095 515 1171 cipueque
527 1099 708 1152 Varro
744 1108 940 1153 neutro
974 1119 1179 1173 genere
1214 1102 1479 1174 appellari
1511 1101 1891 1155 iudicauerunt
1916 1109 1970 1154 et
1999 1121 2089 1174 ap-

243 1195 357 1243 tote
390 1188 658 1244 declinari
696 1189 988 1244 iusserunt.

155 1353 216 1404 95
281 1418 283 1421 .
385 1342 716 1396 Litterarum
741 1343 940 1416 partim
967 1351 1091 1397 sunt
1129 1351 1184 1397 et
1221 1344 1479 1398 dicuntur
1514 1345 1649 1399 utA
1683 1354 1737 1399 et
1778 1345 1849 1414 B;
1890 1345 2089 1416 partim

157 1439 216 1485 10
245 1431 503 1487 dicuntur
538 1451 717 1504 neque
755 1443 882 1488 sunt
916 1443 976 1488 ut
1005 1435 1059 1488 H
1100 1443 1152 1489 et
1189 1436 1261 1505 X,
1301 1436 1566 1506 quaedam
1611 1455 1791 1509 neque
1829 1444 1954 1491 sunt
1993 1454 2086 1490 ne-

246 1541 353 1596 que
392 1524 647 1580 dicuntur
681 1532 746 1578 ut
778 1527 829 1576 Φ
868 1534 922 1579 et
968 1526 1030 1580 Ψ.

245 1746 398 1792 sitio
429 1762 533 1804 per
565 1783 574 1792 .
611 1779 619 1788 .
653 1782 662 1790 .
699 1749 1046 1793 emendatio
1082 1753 1177 1794 est
1219 1765 1309 1807 qua
1352 1750 1537 1808 singula
1578 1753 1722 1808 prout
1767 1751 1869 1807 ipsa
1898 1765 1974 1796 res
2004 1765 2088 1809 po·

247 1806 395 1851 stulat
427 1806 674 1865 dirigimus
705 1809 1008 1853 aestimantes
1037 1810 1368 1854 uniuersorum
1397 1810 1682 1867 scriptorum
1712 1811 1948 1855 diuersam
1986 1826 2087 1855 sen·

243 1867 443 1910 tentiam
488 1867 567 1910 uel
613 1869 994 1912 recorrectio
1044 1884 1068 1913 e
1085 1884 1324 1913 rrorum
1370 1904 1422 1914 ..
1457 1904 1466 1914 .
1510 1869 1802 1914 iudicium
1852 1874 1942 1914 est
1993 1886 2084 1928 quo

245 1940 432 1970 omnem
453 1926 715 1970 orationem
730 1931 861 1971 recte
876 1929 954 1972 uel
968 1929 1120 1973 minus
1139 1944 1278 1985 quam
1294 1932 1426 1973 recte
1443 1930 1797 1986 pronuntiatam
1818 1931 2087 1987 specialiter

244 1985 502 2030 iudicamus
534 1986 612 2030 uel
643 1987 1003 2032 aestimatio
1037 2003 1262 2044 qua...
1293 1989 1733 2046 perpendimus.
1766 1990 2081 2036 Max.Victor.

246 2049 398 2102 p.272
425 2045 560 2090 Lind.
591 2061 638 2103 p.
659 2049 774 2091 1938
798 2047 876 2091 P.:
923 2048 1257 2105 grammaticae
1306 2048 1461 2092 officia
1509 2053 1618 2092 sunt
1665 2052 1889 2105 quatuor:
1940 2050 2084 2094 lectio

245 2106 483 2149 enarratio
513 2106 778 2150 emendatio
809 2107 1047 2151 iudicium.
1102 2108 1243 2152 lectio
1270 2109 1458 2164 quidem
1479 2111 1551 2151 est
1575 2109 1831 2153 secundum
1862 2112 2085 2153 accentus

244 2165 306 2208 ad
352 2179 540 2209 sensum
586 2167 1010 2223 necessitatemque
1049 2168 1388 2223 pronuntiatio.
1450 2169 1688 2212 enarratio
1725 2172 1798 2212 est
1830 2169 2087 2213 secundum

243 2227 414 2280 poetae
445 2225 741 2270 uoluntatem
775 2227 1138 2282 uniuscuiusque
1171 2227 1471 2272 discretionis
1503 2229 1787 2285 explanatio.
1820 2229 2085 2272 emendatio

246 2287 324 2327 est
352 2298 568 2328 errorum
597 2286 723 2342 apud
752 2289 916 2342 poetas
949 2289 997 2329 et
1030 2285 1365 2343 figmentorum
1395 2289 1714 2344 reprehensio.
1758 2289 1984 2332 iudicium
2015 2291 2087 2332 est

244 2343 364 2387 bene
397 2343 634 2388 dictorum
666 2346 1006 2402 comprobatio.

413 2425 485 2467 94.
547 2424 688 2469 Prob.
721 2425 871 2469 instit.
907 2428 995 2468 art.
1030 2441 1076 2482 p.
1097 2428 1169 2478 48,
1202 2429 1283 2470 35:
1332 2426 1514 2471 Nomen
1558 2428 1747 2472 litterae
1780 2430 1852 2471 est
1884 2440 1975 2483 quo
2010 2440 2088 2483 ap-

244 2482 467 2587 pglssasstgri
540 2499 648 2528 sane
680 2499 888 2530 nomen
920 2487 1094 2529 unius
1146 2487 1436 2543 cuiusque
1474 2522 1484 2531 .
1519 2522 1527 2531 .
1563 2521 1571 2530 .
1608 2487 1922 2532 declinari
1965 2487 2088 2530 ius·-

411 2624 484 2666 95.
549 2621 815 2668 Cassiodori
847 2624 1232 2681 Cornut.p.576¹3
1252 2625 1409 2670 Garet.
1440 2640 1486 2681 p.
1505 2627 1621 2669 2286
1639 2625 1716 2668 P.:
1748 2624 2006 2678 ,Praeterea
2036 2622 2086 2667 in

244 2680 368 2725 libro
412 2682 491 2738 qui
523 2685 595 2725 est
627 2682 685 2727 de
717 2683 802 2740 (sic
821 2687 872 2737 Α,
907 2684 987 2741 qui
1017 2688 1087 2728 est
1120 2685 1169 2727 in
1190 2684 1241 2742 Β)
1276 2686 1584 2742 grammatica
1598 2685 1747 2729 Varro
1781 2699 1887 2728 cum
1921 2684 1978 2728 de
2008 2683 2086 2726 lit-

246 2739 362 2784 teris
399 2741 669 2795 dissereret,
690 2743 776 2786 HA
808 2743 908 2800 (ita.
933 2744 978 2787 h.
1011 2745 1134 2802 libri)
1167 2747 1291 2787 inter
1324 2744 1509 2788 litteras
1547 2759 1642 2788 non
1673 2759 1774 2788 esse
1808 2743 2085 2801 disputauit.

246 2800 374 2856 quod
402 2801 552 2845 multo
587 2803 740 2846 minus
774 2805 959 2856 mirum,
1009 2819 1147 2860 quam
1179 2804 1304 2860 quod
1331 2804 1374 2847 X
1407 2819 1590 2861 quoque
1624 2805 1835 2848 litteram
1876 2817 1978 2847 esse
2007 2817 2086 2846 ne-

278 2863 342 2904 at.
373 2859 423 2904 iu
454 2866 546 2917 quo
578 2861 692 2917 quid
727 2863 902 2906 uiderit
931 2864 1140 2907 nondum
1163 2863 1467 2919 deprehendi.
1497 2865 1646 2920 ipsius
1664 2865 1811 2907 uerba
1835 2863 2084 2907 subiciam:

273 2918 604 2963 itterarum
634 2923 860 2977 partim
893 2957 902 2966 .
938 2957 947 2966 .
984 2957 994 2966 .
1026 2926 1091 2965 ut
1121 2928 1166 2966 Φ
1202 2930 1259 2966 Ψ.
1321 2924 1438 2967 Mar.
1457 2923 1579 2968 Vict.
1611 2923 1691 2975 13,
1720 2926 1772 2966 12
1806 2938 1851 2979 p.
1871 2922 2082 2966 2452P.:

243 2992 331 3024 nec
363 2979 610 3024 dubitatur
641 2980 712 3024 his
751 2981 928 3026 litteris
977 2982 1190 3026 omnibus
1233 2983 1409 3039 absque
1452 2983 1553 3027 sola
1584 2982 1626 3027 V
1658 2983 1868 3035 remotis,
1910 2982 2086 3025 latinae

243 3035 433 3096 linguae
463 3038 666 3096 reliquas
699 3041 860 3085 decem
895 3045 942 3085 et
984 3044 1166 3098 septem
1202 3057 1342 3098 posse
1385 3043 1500 3086 satis
1541 3042 1711 3086 facere.
1783 3056 1892 3085 nam
1922 3055 2010 3097 pro
2043 3039 2088 3083 H

243 3097 578 3154 adspirationis
608 3103 736 3153 nota,
770 3104 823 3144 ut
854 3102 1014 3158 graeci
1043 3101 1239 3154 faciunt,
1283 3104 1397 3158 poni
1427 3106 1589 3158 posset
1622 3101 1660 3144 F
1693 3104 1741 3144 et
1773 3101 1809 3144 P
1845 3103 1893 3144 et
1924 3100 2086 3144 eadem

247 3157 475 3214 aspiratio
506 3159 825 3216 compleretur
853 3195 863 3204 .
896 3195 905 3204 .
944 3194 953 3204 .
985 3161 1025 3204 X
1059 3164 1217 3204 autem
1247 3175 1333 3217 per
1367 3161 1398 3204 C
1428 3165 1476 3205 et
1506 3161 1535 3204 S
1573 3175 1816 3217 possemus
1858 3160 2084 3203 scribere.

244 3221 303 3272 cs.
340 3216 363 3259 I
392 3219 516 3319 3,P8.
553 3221 620 3263 10.
669 3222 719 3274 4,
757 3223 829 3264 77.
890 3220 1064 3264 Donat.
1097 3220 1119 3262 I
1152 3223 1208 3272 2,
1242 3224 1271 3263 4
1311 3235 1359 3277 p.
1388 3223 1501 3264 1736
1527 3220 1579 3263 P.
1654 3219 1785 3276 Serg.
1826 3219 1875 3262 in
1912 3218 2084 3262 Donat.

386 3428 410 3472 1
452 3426 716 3489 exquisitio
736 3425 839 3475 AB
875 3426 1143 3490 adquisitio
1160 3427 1227 3474 M
1243 3421 1268 3491 ΙΙ
1294 3429 1323 3474 3
1361 3427 1686 3474 dictionemue
1717 3421 1890 3470 ΑΒΜ
1906 3422 1931 3480 Η
1956 3423 1985 3468 9
2026 3421 2086 3469 de

247 3493 387 3543 codd.
425 3496 529 3544 uid.
566 3496 730 3545 adnot.
771 3498 838 3546 ad
873 3498 941 3557 fr.
970 3500 1037 3546 43
1070 3499 1129 3543 ut
1161 3495 1206 3543 A
1247 3500 1297 3544 et
1332 3496 1373 3544 Β
1412 3499 1462 3543 et
1497 3495 1531 3542 h
1569 3498 1618 3541 et
1654 3510 1687 3541 x
1734 3493 1918 3556 partim
1968 3493 2084 3538 sunt

244 3579 342 3630 quq
357 3581 516 3630 neque
534 3565 779 3614 dicuntur.
817 3567 1024 3635 quedam
1044 3565 1147 3615 AB
1169 3565 1194 3625 ΙΙ
1223 3568 1287 3614 10
1321 3570 1380 3615 ut
1413 3564 1502 3630 phi
1524 3590 1534 3599 ·
1557 3581 1589 3626 y
1609 3564 1660 3613 B
1674 3565 1731 3610 ut
1752 3562 1840 3626 phi
1860 3579 1870 3588 ·
1892 3566 1934 3619 ψ
1954 3578 1963 3588 ·
1985 3552 2079 3625 ΑΗ
