<?xml version="1.0" encoding="UTF-8"?>
<!DOCTYPE html PUBLIC "-//W3C//DTD XHTML 1.0 Transitional//EN"
    "http://www.w3.org/TR/xhtml1/DTD/xhtml1-transitional.dtd">
<html xmlns="http://www.w3.org/1999/xhtml" xml:lang="en" lang="en">
 <head>
  <title>
</title>
<meta http-equiv="Content-Type" content="text/html;charset=utf-8" />
  <meta name='ocr-system' content='tesseract 3.04.00' />
  <meta name='ocr-capabilities' content='ocr_page ocr_carea ocr_par ocr_line ocrx_word'/>
</head>
<body>
  <div class='ocr_page' id='page_1' title='image "./demterentivarron00wilmuoft_0131.png"; bbox 0 0 2280 4088; ppageno 0'>
   <div class='ocr_carea' id='block_1_1' title="bbox 988 322 1084 368">
    <p class='ocr_par' dir='ltr' id='par_1_1' title="bbox 988 322 1084 368">
     <span class='ocr_line' id='line_1_1' title="bbox 988 322 1084 368; baseline -0.01 0"><span class='ocrx_word' id='word_1_1' title='bbox 988 322 1084 368; x_wconf 84' lang='lat'><strong>119</strong></span> 
     </span>
    </p>
   </div>
   <div class='ocr_carea' id='block_1_2' title="bbox 109 464 1958 3180">
    <p class='ocr_par' dir='ltr' id='par_1_2' title="bbox 117 464 1958 724">
     <span class='ocr_line' id='line_1_2' title="bbox 117 464 1958 537; baseline -0.005 -13"><span class='ocrx_word' id='word_1_2' title='bbox 117 467 287 524; x_wconf 75' lang='lat' dir='ltr'><strong>buere</strong></span> <span class='ocrx_word' id='word_1_3' title='bbox 323 469 672 523; x_wconf 84' lang='lat' dir='ltr'><strong>temerarium</strong></span> <span class='ocrx_word' id='word_1_4' title='bbox 711 475 870 522; x_wconf 89' lang='lat' dir='ltr'><strong>esset.</strong></span> <span class='ocrx_word' id='word_1_5' title='bbox 945 483 1055 521; x_wconf 89' lang='lat' dir='ltr'><strong>non</strong></span> <span class='ocrx_word' id='word_1_6' title='bbox 1091 483 1225 520; x_wconf 90' lang='lat' dir='ltr'><strong>uero</strong></span> <span class='ocrx_word' id='word_1_7' title='bbox 1264 465 1489 520; x_wconf 85' lang='lat' dir='ltr'><strong>dubium</strong></span> <span class='ocrx_word' id='word_1_8' title='bbox 1524 473 1623 535; x_wconf 88' lang='lat' dir='ltr'><strong>est,</strong></span> <span class='ocrx_word' id='word_1_9' title='bbox 1676 464 1808 537; x_wconf 87' lang='lat' dir='ltr'><strong>quin</strong></span> <span class='ocrx_word' id='word_1_10' title='bbox 1854 470 1958 516; x_wconf 89' lang='lat' dir='ltr'><strong>tra-</strong></span> 
     </span>
     <span class='ocr_line' id='line_1_3' title="bbox 117 555 1957 633; baseline -0.004 -18"><span class='ocrx_word' id='word_1_11' title='bbox 117 558 242 633; x_wconf 79' lang='lat' dir='ltr'><strong>gico</strong></span> <span class='ocrx_word' id='word_1_12' title='bbox 273 559 428 614; x_wconf 86' lang='lat' dir='ltr'><strong>Attio</strong></span> <span class='ocrx_word' id='word_1_13' title='bbox 464 558 874 630; x_wconf 86' lang='lat' dir='ltr'><strong>disciplinarum</strong></span> <span class='ocrx_word' id='word_1_14' title='bbox 908 557 1032 612; x_wconf 85' lang='lat' dir='ltr'>libri</span> <span class='ocrx_word' id='word_1_15' title='bbox 1076 565 1303 630; x_wconf 89' lang='lat' dir='ltr'><strong>propter</strong></span> <span class='ocrx_word' id='word_1_16' title='bbox 1339 564 1647 629; x_wconf 84' lang='lat' dir='ltr'><strong>temporum</strong></span> <span class='ocrx_word' id='word_1_17' title='bbox 1683 555 1957 609; x_wconf 89' lang='lat' dir='ltr'><strong>rationem</strong></span> 
     </span>
     <span class='ocr_line' id='line_1_4' title="bbox 119 651 738 724; baseline -0.002 -20"><span class='ocrx_word' id='word_1_18' title='bbox 119 651 257 704; x_wconf 83' lang='lat' dir='ltr'><strong>mitti</strong></span> <span class='ocrx_word' id='word_1_19' title='bbox 291 668 404 706; x_wconf 89' lang='lat' dir='ltr'><strong>non</strong></span> <span class='ocrx_word' id='word_1_20' title='bbox 441 651 738 724; x_wconf 86' lang='lat' dir='ltr'><strong>potuerint.</strong></span> 
     </span>
    </p>

    <p class='ocr_par' dir='ltr' id='par_1_3' title="bbox 109 736 1957 3180">
     <span class='ocr_line' id='line_1_5' title="bbox 283 736 1957 813; baseline -0.005 -15"><span class='ocrx_word' id='word_1_21' title='bbox 283 742 424 798; x_wconf 84' lang='lat' dir='ltr'><strong>Cum</strong></span> <span class='ocrx_word' id='word_1_22' title='bbox 462 760 594 797; x_wconf 87' lang='lat' dir='ltr'><strong>uero</strong></span> <span class='ocrx_word' id='word_1_23' title='bbox 631 760 812 813; x_wconf 89' lang='lat' dir='ltr'><strong>neque</strong></span> <span class='ocrx_word' id='word_1_24' title='bbox 863 749 994 812; x_wconf 88' lang='lat' dir='ltr'><strong>quot</strong></span> <span class='ocrx_word' id='word_1_25' title='bbox 1040 739 1246 793; x_wconf 86' lang='lat' dir='ltr'><strong>fuerint</strong></span> <span class='ocrx_word' id='word_1_26' title='bbox 1288 739 1417 792; x_wconf 87' lang='lat' dir='ltr'>libri</span> <span class='ocrx_word' id='word_1_27' title='bbox 1468 738 1699 792; x_wconf 83' lang='lat' dir='ltr'><strong>sciamus</strong></span> <span class='ocrx_word' id='word_1_28' title='bbox 1752 745 1806 790; x_wconf 90' lang='lat' dir='ltr'><strong>et</strong></span> <span class='ocrx_word' id='word_1_29' title='bbox 1846 736 1957 790; x_wconf 91' lang='lat' dir='ltr'><strong>duo</strong></span> 
     </span>
     <span class='ocr_line' id='line_1_6' title="bbox 120 830 1956 906; baseline -0.003 -18"><span class='ocrx_word' id='word_1_30' title='bbox 120 842 327 889; x_wconf 83' lang='lat' dir='ltr'><strong>tantum</strong></span> <span class='ocrx_word' id='word_1_31' title='bbox 367 835 459 888; x_wconf 91' lang='lat' dir='ltr'><strong>uel</strong></span> <span class='ocrx_word' id='word_1_32' title='bbox 489 835 591 888; x_wconf 88' lang='lat' dir='ltr'><strong>tria</strong></span> <span class='ocrx_word' id='word_1_33' title='bbox 621 836 931 905; x_wconf 82' lang='lat' dir='ltr'><strong>fragmenta</strong></span> <span class='ocrx_word' id='word_1_34' title='bbox 970 831 1261 906; x_wconf 80' lang='lat' dir='ltr'><strong>supersint,</strong></span> <span class='ocrx_word' id='word_1_35' title='bbox 1300 832 1434 885; x_wconf 90' lang='lat' dir='ltr'><strong>ordo</strong></span> <span class='ocrx_word' id='word_1_36' title='bbox 1460 830 1838 902; x_wconf 80' lang='lat' dir='ltr'><strong>disputationis</strong></span> <span class='ocrx_word' id='word_1_37' title='bbox 1864 832 1956 883; x_wconf 93' lang='lat' dir='ltr'><strong>uel</strong></span> 
     </span>
     <span class='ocr_line' id='line_1_7' title="bbox 115 920 1956 996; baseline -0.003 -17"><span class='ocrx_word' id='word_1_38' title='bbox 115 926 458 996; x_wconf 85' lang='lat' dir='ltr'><strong>singulorum</strong></span> <span class='ocrx_word' id='word_1_39' title='bbox 507 921 770 979; x_wconf 90' lang='lat' dir='ltr'><strong>librorum</strong></span> <span class='ocrx_word' id='word_1_40' title='bbox 825 933 1149 994; x_wconf 84' lang='lat' dir='ltr'><strong>argumenta</strong></span> <span class='ocrx_word' id='word_1_41' title='bbox 1202 930 1481 995; x_wconf 89' lang='lat' dir='ltr'><strong>nequeunt</strong></span> <span class='ocrx_word' id='word_1_42' title='bbox 1534 921 1801 992; x_wconf 86' lang='lat' dir='ltr'><strong>indagari,</strong></span> <span class='ocrx_word' id='word_1_43' title='bbox 1858 920 1956 976; x_wconf 87' lang='lat' dir='ltr'><strong>sed</strong></span> 
     </span>
     <span class='ocr_line' id='line_1_8' title="bbox 117 1013 1955 1088; baseline -0.003 -16"><span class='ocrx_word' id='word_1_44' title='bbox 117 1017 574 1088; x_wconf 81' lang='lat' dir='ltr'><strong>acquiescendum</strong></span> <span class='ocrx_word' id='word_1_45' title='bbox 601 1025 681 1070; x_wconf 89' lang='lat' dir='ltr'><strong>est</strong></span> <span class='ocrx_word' id='word_1_46' title='bbox 718 1016 776 1070; x_wconf 90' lang='lat' dir='ltr'><strong>in</strong></span> <span class='ocrx_word' id='word_1_47' title='bbox 817 1016 894 1070; x_wconf 92' lang='lat' dir='ltr'><strong>eis</strong></span> <span class='ocrx_word' id='word_1_48' title='bbox 933 1034 1069 1088; x_wconf 89' lang='lat' dir='ltr'><strong>quae</strong></span> <span class='ocrx_word' id='word_1_49' title='bbox 1090 1014 1383 1087; x_wconf 89' lang='lat' dir='ltr'><strong>Pompeius</strong></span> <span class='ocrx_word' id='word_1_50' title='bbox 1410 1013 1484 1068; x_wconf 90' lang='lat' dir='ltr'><strong>ibi</strong></span> <span class='ocrx_word' id='word_1_51' title='bbox 1511 1014 1760 1087; x_wconf 87' lang='lat' dir='ltr'><strong>exposita</strong></span> <span class='ocrx_word' id='word_1_52' title='bbox 1785 1013 1955 1068; x_wconf 86' lang='lat' dir='ltr'><strong>fuisse</strong></span> 
     </span>
     <span class='ocr_line' id='line_1_9' title="bbox 115 1104 1954 1179; baseline -0.003 -17"><span class='ocrx_word' id='word_1_53' title='bbox 115 1115 361 1177; x_wconf 83' lang='lat' dir='ltr'><strong>testatur,</strong></span> <span class='ocrx_word' id='word_1_54' title='bbox 406 1107 496 1179; x_wconf 87' lang='lat' dir='ltr'><strong>qui</strong></span> <span class='ocrx_word' id='word_1_55' title='bbox 533 1125 645 1161; x_wconf 90' lang='lat' dir='ltr'><strong>non</strong></span> <span class='ocrx_word' id='word_1_56' title='bbox 681 1107 858 1161; x_wconf 91' lang='lat' dir='ltr'><strong>solum</strong></span> <span class='ocrx_word' id='word_1_57' title='bbox 896 1105 1330 1160; x_wconf 88' lang='lat' dir='ltr'><strong>obseruationem</strong></span> <span class='ocrx_word' id='word_1_58' title='bbox 1373 1105 1440 1159; x_wconf 92' lang='lat' dir='ltr'><strong>de</strong></span> <span class='ocrx_word' id='word_1_59' title='bbox 1481 1122 1710 1158; x_wconf 89' lang='lat' dir='ltr'><strong>numero</strong></span> <span class='ocrx_word' id='word_1_60' title='bbox 1749 1104 1954 1157; x_wconf 80' lang='lat' dir='ltr'><strong>littera-</strong></span> 
     </span>
     <span class='ocr_line' id='line_1_10' title="bbox 114 1195 1956 1268; baseline -0.003 -15"><span class='ocrx_word' id='word_1_61' title='bbox 114 1216 236 1253; x_wconf 83' lang='lat' dir='ltr'><strong>rum</strong></span> <span class='ocrx_word' id='word_1_62' title='bbox 274 1197 402 1252; x_wconf 88' lang='lat' dir='ltr'><strong>inde</strong></span> <span class='ocrx_word' id='word_1_63' title='bbox 452 1198 728 1268; x_wconf 83' lang='lat' dir='ltr'><strong>excripsit,</strong></span> <span class='ocrx_word' id='word_1_64' title='bbox 782 1197 881 1251; x_wconf 89' lang='lat' dir='ltr'><strong>sed</strong></span> <span class='ocrx_word' id='word_1_65' title='bbox 919 1196 1161 1251; x_wconf 87' lang='lat' dir='ltr'><strong>breuiter</strong></span> <span class='ocrx_word' id='word_1_66' title='bbox 1213 1197 1344 1267; x_wconf 87' lang='lat' dir='ltr'><strong>quid</strong></span> <span class='ocrx_word' id='word_1_67' title='bbox 1388 1197 1610 1250; x_wconf 89' lang='lat' dir='ltr'><strong>omnino</strong></span> <span class='ocrx_word' id='word_1_68' title='bbox 1647 1195 1824 1249; x_wconf 90' lang='lat' dir='ltr'><strong>Varro</strong></span> <span class='ocrx_word' id='word_1_69' title='bbox 1879 1195 1956 1249; x_wconf 90' lang='lat' dir='ltr'><strong>ibi</strong></span> 
     </span>
     <span class='ocr_line' id='line_1_11' title="bbox 115 1285 1955 1359; baseline -0.002 -17"><span class='ocrx_word' id='word_1_70' title='bbox 115 1289 364 1342; x_wconf 78' lang='lat' dir='ltr'><strong>docuerit</strong></span> <span class='ocrx_word' id='word_1_71' title='bbox 401 1287 746 1359; x_wconf 84' lang='lat' dir='ltr'><strong>significauit.</strong></span> <span class='ocrx_word' id='word_1_72' title='bbox 818 1288 1055 1359; x_wconf 89' lang='lat' dir='ltr'><strong>primum</strong></span> <span class='ocrx_word' id='word_1_73' title='bbox 1089 1285 1156 1340; x_wconf 92' lang='lat' dir='ltr'><strong>de</strong></span> <span class='ocrx_word' id='word_1_74' title='bbox 1194 1287 1574 1341; x_wconf 88' lang='lat' dir='ltr'><strong>inuentoribus</strong></span> <span class='ocrx_word' id='word_1_75' title='bbox 1614 1287 1955 1358; x_wconf 83' lang='lat' dir='ltr'><strong>singularum</strong></span> 
     </span>
     <span class='ocr_line' id='line_1_12' title="bbox 111 1376 1950 1449; baseline -0.001 -16"><span class='ocrx_word' id='word_1_76' title='bbox 111 1376 417 1434; x_wconf 81' lang='lat' dir='ltr'><strong>litterarum</strong></span> <span class='ocrx_word' id='word_1_77' title='bbox 454 1379 763 1433; x_wconf 88' lang='lat' dir='ltr'><strong>Varronem</strong></span> <span class='ocrx_word' id='word_1_78' title='bbox 810 1386 1066 1433; x_wconf 80' lang='lat' dir='ltr'><strong>tractasse</strong></span> <span class='ocrx_word' id='word_1_79' title='bbox 1120 1378 1286 1432; x_wconf 87' lang='lat' dir='ltr'><strong>tradit</strong></span> <span class='ocrx_word' id='word_1_80' title='bbox 1324 1379 1415 1449; x_wconf 83' lang='lat' dir='ltr'><strong>(fr.</strong></span> <span class='ocrx_word' id='word_1_81' title='bbox 1439 1378 1584 1448; x_wconf 83' lang='lat'>104),</span> <span class='ocrx_word' id='word_1_82' title='bbox 1641 1378 1710 1431; x_wconf 90' lang='lat' dir='ltr'><strong>de</strong></span> <span class='ocrx_word' id='word_1_83' title='bbox 1749 1397 1853 1448; x_wconf 90' lang='lat' dir='ltr'><strong>qua</strong></span> <span class='ocrx_word' id='word_1_84' title='bbox 1890 1397 1950 1432; x_wconf 91' lang='lat' dir='ltr'><strong>re</strong></span> 
     </span>
     <span class='ocr_line' id='line_1_13' title="bbox 112 1468 1954 1542; baseline -0.002 -18"><span class='ocrx_word' id='word_1_85' title='bbox 112 1471 341 1524; x_wconf 85' lang='lat' dir='ltr'><strong>multum</strong></span> <span class='ocrx_word' id='word_1_86' title='bbox 383 1469 684 1542; x_wconf 90' lang='lat' dir='ltr'><strong>quaesitum</strong></span> <span class='ocrx_word' id='word_1_87' title='bbox 733 1469 800 1522; x_wconf 90' lang='lat' dir='ltr'><strong>ab</strong></span> <span class='ocrx_word' id='word_1_88' title='bbox 849 1468 1083 1541; x_wconf 81' lang='lat' dir='ltr'><strong>antiquis</strong></span> <span class='ocrx_word' id='word_1_89' title='bbox 1123 1475 1178 1522; x_wconf 90' lang='lat' dir='ltr'><strong>et</strong></span> <span class='ocrx_word' id='word_1_90' title='bbox 1213 1469 1269 1522; x_wconf 89' lang='lat' dir='ltr'><strong>in</strong></span> <span class='ocrx_word' id='word_1_91' title='bbox 1303 1469 1483 1522; x_wconf 87' lang='lat' dir='ltr'><strong>uarias</strong></span> <span class='ocrx_word' id='word_1_92' title='bbox 1523 1476 1705 1540; x_wconf 88' lang='lat' dir='ltr'><strong>partes</strong></span> <span class='ocrx_word' id='word_1_93' title='bbox 1748 1468 1954 1522; x_wconf 88' lang='lat' dir='ltr'><strong>disces-</strong></span> 
     </span>
     <span class='ocr_line' id='line_1_14' title="bbox 114 1559 1951 1632; baseline -0.001 -18"><span class='ocrx_word' id='word_1_94' title='bbox 114 1577 232 1615; x_wconf 72' lang='lat' dir='ltr'><strong>sum</strong></span> <span class='ocrx_word' id='word_1_95' title='bbox 270 1575 386 1614; x_wconf 88' lang='lat' dir='ltr'><strong>esse</strong></span> <span class='ocrx_word' id='word_1_96' title='bbox 422 1568 612 1614; x_wconf 91' lang='lat' dir='ltr'><strong>notum</strong></span> <span class='ocrx_word' id='word_1_97' title='bbox 649 1566 745 1614; x_wconf 86' lang='lat' dir='ltr'><strong>est.</strong></span> <span class='ocrx_word' id='word_1_98' title='bbox 785 1566 916 1632; x_wconf 89' lang='lat' dir='ltr'><strong>quot</strong></span> <span class='ocrx_word' id='word_1_99' title='bbox 951 1567 1130 1613; x_wconf 90' lang='lat' dir='ltr'><strong>autem</strong></span> <span class='ocrx_word' id='word_1_100' title='bbox 1156 1566 1209 1612; x_wconf 89' lang='lat' dir='ltr'><strong>et</strong></span> <span class='ocrx_word' id='word_1_101' title='bbox 1233 1578 1394 1629; x_wconf 90' lang='lat' dir='ltr'><strong>quam</strong></span> <span class='ocrx_word' id='word_1_102' title='bbox 1419 1559 1637 1632; x_wconf 81' lang='lat' dir='ltr'><strong>ineptae</strong></span> <span class='ocrx_word' id='word_1_103' title='bbox 1660 1559 1951 1613; x_wconf 82' lang='lat' dir='ltr'><strong>maximam</strong></span> 
     </span>
     <span class='ocr_line' id='line_1_15' title="bbox 109 1651 1952 1725; baseline -0.002 -19"><span class='ocrx_word' id='word_1_104' title='bbox 109 1659 324 1725; x_wconf 72' lang='lat' dir='ltr'><strong>partem</strong></span> <span class='ocrx_word' id='word_1_105' title='bbox 382 1651 665 1706; x_wconf 87' lang='lat' dir='ltr'><strong>doctorum</strong></span> <span class='ocrx_word' id='word_1_106' title='bbox 719 1651 1025 1705; x_wconf 87' lang='lat' dir='ltr'><strong>sententiae</strong></span> <span class='ocrx_word' id='word_1_107' title='bbox 1076 1651 1281 1704; x_wconf 87' lang='lat' dir='ltr'><strong>fuerint</strong></span> <span class='ocrx_word' id='word_1_108' title='bbox 1331 1657 1392 1704; x_wconf 85' lang='lat' dir='ltr'><strong>ut</strong></span> <span class='ocrx_word' id='word_1_109' title='bbox 1448 1651 1731 1704; x_wconf 87' lang='lat' dir='ltr'><strong>ostendam</strong></span> <span class='ocrx_word' id='word_1_110' title='bbox 1787 1669 1952 1721; x_wconf 90' lang='lat' dir='ltr'><strong>quam</strong></span> 
     </span>
     <span class='ocr_line' id='line_1_16' title="bbox 109 1742 1950 1816; baseline -0.001 -19"><span class='ocrx_word' id='word_1_111' title='bbox 109 1742 446 1811; x_wconf 80' lang='lat' dir='ltr'><strong>breuissime,</strong></span> <span class='ocrx_word' id='word_1_112' title='bbox 484 1742 754 1816; x_wconf 83' lang='lat' dir='ltr'><strong>adponam</strong></span> <span class='ocrx_word' id='word_1_113' title='bbox 791 1742 1117 1816; x_wconf 85' lang='lat' dir='ltr'><strong>particulam</strong></span> <span class='ocrx_word' id='word_1_114' title='bbox 1155 1742 1536 1815; x_wconf 81' lang='lat' dir='ltr'><strong>disputationis</strong></span> <span class='ocrx_word' id='word_1_115' title='bbox 1574 1761 1603 1796; x_wconf 92' lang='lat' dir='ltr'><strong>e</strong></span> <span class='ocrx_word' id='word_1_116' title='bbox 1629 1742 1787 1796; x_wconf 89' lang='lat' dir='ltr'><strong>Lucii</strong></span> <span class='ocrx_word' id='word_1_117' title='bbox 1822 1742 1950 1796; x_wconf 88' lang='lat' dir='ltr'><strong>Tar-</strong></span> 
     </span>
     <span class='ocr_line' id='line_1_17' title="bbox 115 1828 1944 1905; baseline -0.003 -18"><span class='ocrx_word' id='word_1_118' title='bbox 115 1833 268 1887; x_wconf 86' lang='lat' dir='ltr'><strong>rhaei</strong></span> <span class='ocrx_word' id='word_1_119' title='bbox 303 1831 444 1886; x_wconf 82' lang='lat' dir='ltr'><strong>libro</strong></span> <span class='ocrx_word' id='word_1_120' title='bbox 466 1833 508 1902; x_wconf 88' lang='lat'><strong>¹)</strong></span> <span class='ocrx_word' id='word_1_121' title='bbox 551 1830 674 1898; x_wconf 75' lang='grc' dir='ltr'><strong><em>περὶ</em></strong></span> <span class='ocrx_word' id='word_1_122' title='bbox 709 1831 1039 1901; x_wconf 75' lang='grc' dir='ltr'><em>γραμμάτων</em></span> <span class='ocrx_word' id='word_1_123' title='bbox 1077 1841 1399 1905; x_wconf 81' lang='lat' dir='ltr'><strong>excerptae:</strong></span> <span class='ocrx_word' id='word_1_124' title='bbox 1451 1833 1554 1882; x_wconf 78' lang='grc' dir='ltr'><strong><em>τῶν</em></strong></span> <span class='ocrx_word' id='word_1_125' title='bbox 1596 1830 1875 1896; x_wconf 75' lang='grc' dir='ltr'><em>στοιχείων</em></span> <span class='ocrx_word' id='word_1_126' title='bbox 1914 1828 1944 1882; x_wconf 79' lang='grc' dir='ltr'><em>ὅ</em></span> 
     </span>
     <span class='ocr_line' id='line_1_18' title="bbox 116 1919 1942 1992; baseline -0.001 -18"><span class='ocrx_word' id='word_1_127' title='bbox 116 1923 341 1989; x_wconf 71' lang='grc' dir='ltr'><strong><em>Κάδμος</em></strong></span> <span class='ocrx_word' id='word_1_128' title='bbox 387 1920 596 1990; x_wconf 76' lang='grc' dir='ltr'><strong><em>εὖρετής</em></strong></span> <span class='ocrx_word' id='word_1_129' title='bbox 646 1921 806 1984; x_wconf 79' lang='grc' dir='ltr'><strong><em>ἐστιν,</em></strong></span> <span class='ocrx_word' id='word_1_130' title='bbox 845 1919 916 1981; x_wconf 73' lang='grc' dir='ltr'><strong>ὥς</strong></span> <span class='ocrx_word' id='word_1_131' title='bbox 966 1942 1130 1991; x_wconf 77' lang='grc' dir='ltr'><strong><em>φησιν</em></strong></span> <span class='ocrx_word' id='word_1_132' title='bbox 1157 1919 1386 1992; x_wconf 80' lang='grc' dir='ltr'><strong><em>Ἔφορος</em></strong></span> <span class='ocrx_word' id='word_1_133' title='bbox 1422 1922 1514 1974; x_wconf 83' lang='grc' dir='ltr'>καί</span> <span class='ocrx_word' id='word_1_134' title='bbox 1546 1920 1942 1991; x_wconf 77' lang='grc' dir='ltr'><strong><em>Ἀριστοτέλης·</em></strong></span> 
     </span>
     <span class='ocr_line' id='line_1_19' title="bbox 117 2007 1951 2080; baseline 0.002 -17"><span class='ocrx_word' id='word_1_135' title='bbox 117 2007 260 2064; x_wconf 71' lang='grc' dir='ltr'><strong><em>ἄλλοι</em></strong></span> <span class='ocrx_word' id='word_1_136' title='bbox 299 2013 355 2064; x_wconf 73' lang='grc' dir='ltr'><strong>δὲ</strong></span> <span class='ocrx_word' id='word_1_137' title='bbox 392 2010 636 2080; x_wconf 80' lang='grc' dir='ltr'><strong><em>λέγουσιν</em></strong></span> <span class='ocrx_word' id='word_1_138' title='bbox 673 2007 753 2063; x_wconf 81' lang='grc' dir='ltr'><strong><em>ὅτι</em></strong></span> <span class='ocrx_word' id='word_1_139' title='bbox 791 2012 1057 2065; x_wconf 83' lang='grc' dir='ltr'><strong><em>Φοινίκων</em></strong></span> <span class='ocrx_word' id='word_1_140' title='bbox 1096 2013 1230 2065; x_wconf 72' lang='grc' dir='ltr'><strong><em>εἰσίν</em></strong></span> <span class='ocrx_word' id='word_1_141' title='bbox 1273 2009 1566 2080; x_wconf 81' lang='grc' dir='ltr'><strong><em>εὖρήματα,</em></strong></span> <span class='ocrx_word' id='word_1_142' title='bbox 1627 2013 1852 2080; x_wconf 78' lang='grc' dir='ltr'><strong><em>Κάδμος</em></strong></span> <span class='ocrx_word' id='word_1_143' title='bbox 1893 2014 1951 2066; x_wconf 75' lang='grc' dir='ltr'><strong>δὲ</strong></span> 
     </span>
     <span class='ocr_line' id='line_1_20' title="bbox 114 2102 1948 2174; baseline 0 -20"><span class='ocrx_word' id='word_1_144' title='bbox 114 2104 279 2154; x_wconf 72' lang='grc' dir='ltr'><strong><em>ταῦτα</em></strong></span> <span class='ocrx_word' id='word_1_145' title='bbox 317 2102 740 2172; x_wconf 78' lang='grc' dir='ltr'><strong><em>διεπόρθμευσεν</em></strong></span> <span class='ocrx_word' id='word_1_146' title='bbox 777 2103 854 2164; x_wconf 84' lang='grc' dir='ltr'><strong>εἷς</strong></span> <span class='ocrx_word' id='word_1_147' title='bbox 886 2102 978 2170; x_wconf 83' lang='grc' dir='ltr'><strong><em>τὴν</em></strong></span> <span class='ocrx_word' id='word_1_148' title='bbox 1010 2102 1249 2158; x_wconf 75' lang='grc' dir='ltr'><strong><em>Ἑλλάδα.</em></strong></span> <span class='ocrx_word' id='word_1_149' title='bbox 1304 2103 1651 2172; x_wconf 75' lang='grc' dir='ltr'><strong><em>Πυθόδωρος</em></strong></span> <span class='ocrx_word' id='word_1_150' title='bbox 1692 2102 1749 2156; x_wconf 83' lang='grc' dir='ltr'><strong>δέ</strong></span> <span class='ocrx_word' id='word_1_151' title='bbox 1791 2121 1948 2174; x_wconf 82' lang='grc' dir='ltr'><strong><em>φησι·</em></strong></span> 
     </span>
     <span class='ocr_line' id='line_1_21' title="bbox 113 2191 1951 2261; baseline 0.001 -17"><span class='ocrx_word' id='word_1_152' title='bbox 113 2193 206 2245; x_wconf 79' lang='grc' dir='ltr'><em>καί</em></span> <span class='ocrx_word' id='word_1_153' title='bbox 245 2192 347 2260; x_wconf 74' lang='grc' dir='ltr'><strong>πρὸ</strong></span> <span class='ocrx_word' id='word_1_154' title='bbox 393 2193 622 2260; x_wconf 71' lang='grc' dir='ltr'><strong><em>Κάδμου</em></strong></span> <span class='ocrx_word' id='word_1_155' title='bbox 662 2191 691 2245; x_wconf 80' lang='grc' dir='ltr'><em>ὅ</em></span> <span class='ocrx_word' id='word_1_156' title='bbox 723 2191 938 2254; x_wconf 84' lang='grc' dir='ltr'><strong><em>Δαναὸς</em></strong></span> <span class='ocrx_word' id='word_1_157' title='bbox 972 2194 1178 2246; x_wconf 71' lang='grc' dir='ltr'><strong><em>ἐκεῖθεν</em></strong></span> <span class='ocrx_word' id='word_1_158' title='bbox 1217 2192 1350 2245; x_wconf 78' lang='grc' dir='ltr'><strong><em>αὐτὰ</em></strong></span> <span class='ocrx_word' id='word_1_159' title='bbox 1384 2194 1747 2261; x_wconf 80' lang='grc' dir='ltr'><strong><em>μετεκόμισεν.</em></strong></span> <span class='ocrx_word' id='word_1_160' title='bbox 1817 2193 1951 2249; x_wconf 76' lang='grc' dir='ltr'><strong><em>ἔνιοι</em></strong></span> 
     </span>
     <span class='ocr_line' id='line_1_22' title="bbox 117 2282 1948 2355; baseline 0 -20"><span class='ocrx_word' id='word_1_161' title='bbox 117 2285 175 2335; x_wconf 78' lang='grc' dir='ltr'><strong>δὲ</strong></span> <span class='ocrx_word' id='word_1_162' title='bbox 211 2285 503 2337; x_wconf 76' lang='grc' dir='ltr'><strong><em>Μουσαῖον</em></strong></span> <span class='ocrx_word' id='word_1_163' title='bbox 557 2282 770 2352; x_wconf 74' lang='grc' dir='ltr'><strong><em>εὑρετὴν</em></strong></span> <span class='ocrx_word' id='word_1_164' title='bbox 817 2288 1030 2354; x_wconf 80' lang='grc' dir='ltr'><strong><em>λέγουσι</em></strong></span> <span class='ocrx_word' id='word_1_165' title='bbox 1079 2287 1178 2336; x_wconf 77' lang='grc' dir='ltr'><strong><em>τῶν</em></strong></span> <span class='ocrx_word' id='word_1_166' title='bbox 1215 2287 1494 2352; x_wconf 80' lang='grc' dir='ltr'><strong><em>στοιχείων</em></strong></span> <span class='ocrx_word' id='word_1_167' title='bbox 1544 2284 1635 2337; x_wconf 79' lang='grc' dir='ltr'><strong><em>τὸν</em></strong></span> <span class='ocrx_word' id='word_1_168' title='bbox 1672 2285 1948 2355; x_wconf 78' lang='grc' dir='ltr'><strong><em>Μητίονος</em></strong></span> 
     </span>
     <span class='ocr_line' id='line_1_23' title="bbox 114 2374 1948 2447; baseline 0.001 -22"><span class='ocrx_word' id='word_1_169' title='bbox 114 2375 205 2427; x_wconf 80' lang='grc' dir='ltr'>καί</span> <span class='ocrx_word' id='word_1_170' title='bbox 223 2374 507 2444; x_wconf 82' lang='grc' dir='ltr'><strong><em>Στερόπης,</em></strong></span> <span class='ocrx_word' id='word_1_171' title='bbox 542 2375 822 2444; x_wconf 74' lang='grc' dir='ltr'><strong><em>γενόμενον</em></strong></span> <span class='ocrx_word' id='word_1_172' title='bbox 858 2374 992 2427; x_wconf 79' lang='grc' dir='ltr'><strong><em>κατὰ</em></strong></span> <span class='ocrx_word' id='word_1_173' title='bbox 1024 2374 1142 2438; x_wconf 77' lang='grc' dir='ltr'><strong><em>τοὺς</em></strong></span> <span class='ocrx_word' id='word_1_174' title='bbox 1174 2375 1392 2445; x_wconf 77' lang='grc' dir='ltr'><strong><em>καιροὺς</em></strong></span> <span class='ocrx_word' id='word_1_175' title='bbox 1415 2379 1507 2429; x_wconf 83' lang='grc' dir='ltr'><strong>τοῦ</strong></span> <span class='ocrx_word' id='word_1_176' title='bbox 1540 2376 1796 2447; x_wconf 80' lang='grc' dir='ltr'><strong><em>Ὀρφέως.</em></strong></span> <span class='ocrx_word' id='word_1_177' title='bbox 1830 2375 1948 2429; x_wconf 80' lang='grc' dir='ltr'><strong><em>Ἀν-</em></strong></span> 
     </span>
     <span class='ocr_line' id='line_1_24' title="bbox 112 2465 1944 2537; baseline 0 -19"><span class='ocrx_word' id='word_1_178' title='bbox 112 2466 373 2535; x_wconf 81' lang='grc' dir='ltr'><strong><em>τικλείδης</em></strong></span> <span class='ocrx_word' id='word_1_179' title='bbox 402 2467 459 2518; x_wconf 73' lang='grc' dir='ltr'><strong>δὲ</strong></span> <span class='ocrx_word' id='word_1_180' title='bbox 479 2471 587 2529; x_wconf 85' lang='grc' dir='ltr'><strong><em>τοῖς</em></strong></span> <span class='ocrx_word' id='word_1_181' title='bbox 609 2467 928 2534; x_wconf 78' lang='grc' dir='ltr'><strong><em>Αἰγυπτίοις</em></strong></span> <span class='ocrx_word' id='word_1_182' title='bbox 953 2465 1042 2536; x_wconf 69' lang='grc' dir='ltr'><strong><em>τὴν</em></strong></span> <span class='ocrx_word' id='word_1_183' title='bbox 1064 2465 1271 2537; x_wconf 70' lang='grc' dir='ltr'><strong><em>εὕρεσιν</em></strong></span> <span class='ocrx_word' id='word_1_184' title='bbox 1297 2468 1627 2536; x_wconf 71' lang='grc' dir='ltr'><strong><em>ἀνατίθησιν.</em></strong></span> <span class='ocrx_word' id='word_1_185' title='bbox 1668 2468 1944 2533; x_wconf 75' lang='grc' dir='ltr'><strong><em>Αἰσχύλος</em></strong></span> 
     </span>
     <span class='ocr_line' id='line_1_25' title="bbox 115 2557 1950 2632; baseline 0 -22"><span class='ocrx_word' id='word_1_186' title='bbox 115 2558 173 2610; x_wconf 79' lang='grc' dir='ltr'><strong>δὲ</strong></span> <span class='ocrx_word' id='word_1_187' title='bbox 189 2558 498 2627; x_wconf 74' lang='grc' dir='ltr'><strong><em>Προμηθέα</em></strong></span> <span class='ocrx_word' id='word_1_188' title='bbox 522 2560 686 2627; x_wconf 73' lang='grc' dir='ltr'><strong><em>φησὶν</em></strong></span> <span class='ocrx_word' id='word_1_189' title='bbox 706 2557 987 2628; x_wconf 76' lang='grc' dir='ltr'><strong><em>εὑρηκέναι</em></strong></span> <span class='ocrx_word' id='word_1_190' title='bbox 1009 2558 1157 2611; x_wconf 77' lang='grc' dir='ltr'><strong><em>αὐτά.</em></strong></span> <span class='ocrx_word' id='word_1_191' title='bbox 1187 2559 1471 2628; x_wconf 80' lang='grc' dir='ltr'><strong><em>Λωτιάὸης</em></strong></span> <span class='ocrx_word' id='word_1_192' title='bbox 1492 2559 1549 2632; x_wconf 88' lang='lat' dir='ltr'><strong>(i.</strong></span> <span class='ocrx_word' id='word_1_193' title='bbox 1570 2578 1614 2614; x_wconf 86' lang='lat' dir='ltr'><strong>e.</strong></span> <span class='ocrx_word' id='word_1_194' title='bbox 1635 2558 1950 2626; x_wconf 79' lang='grc' dir='ltr'><strong><em>Δωσιάδης)</em></strong></span> 
     </span>
     <span class='ocr_line' id='line_1_26' title="bbox 115 2648 1948 2720; baseline 0 -20"><span class='ocrx_word' id='word_1_195' title='bbox 115 2649 172 2701; x_wconf 74' lang='grc' dir='ltr'><strong>δὲ</strong></span> <span class='ocrx_word' id='word_1_196' title='bbox 198 2649 254 2702; x_wconf 80' lang='grc' dir='ltr'><strong><em>ἐν</em></strong></span> <span class='ocrx_word' id='word_1_197' title='bbox 277 2649 462 2719; x_wconf 82' lang='grc' dir='ltr'><strong><em>Κρήτῃ</em></strong></span> <span class='ocrx_word' id='word_1_198' title='bbox 486 2650 625 2720; x_wconf 80' lang='grc' dir='ltr'><strong><em>λέγει</em></strong></span> <span class='ocrx_word' id='word_1_199' title='bbox 653 2648 939 2718; x_wconf 75' lang='grc' dir='ltr'><strong><em>εὑρεθῆναι</em></strong></span> <span class='ocrx_word' id='word_1_200' title='bbox 971 2650 1122 2702; x_wconf 83' lang='grc' dir='ltr'><strong><em>αὐτοί.</em></strong></span> <span class='ocrx_word' id='word_1_201' title='bbox 1163 2651 1492 2719; x_wconf 81' lang='grc' dir='ltr'><strong><em>Στησίχορος</em></strong></span> <span class='ocrx_word' id='word_1_202' title='bbox 1521 2651 1577 2702; x_wconf 77' lang='grc' dir='ltr'><strong>δὲ</strong></span> <span class='ocrx_word' id='word_1_203' title='bbox 1603 2649 1948 2718; x_wconf 78' lang='grc' dir='ltr'><strong><em>Παλαμήδην</em></strong></span> 
     </span>
     <span class='ocr_line' id='line_1_27' title="bbox 112 2732 1950 2813; baseline 0.001 -23"><span class='ocrx_word' id='word_1_204' title='bbox 112 2737 326 2808; x_wconf 74' lang='grc' dir='ltr'><strong><em>εὑρετὴν</em></strong></span> <span class='ocrx_word' id='word_1_205' title='bbox 352 2739 526 2792; x_wconf 75' lang='grc' dir='ltr'><strong><em>αὐτῶν</em></strong></span> <span class='ocrx_word' id='word_1_206' title='bbox 551 2746 795 2804; x_wconf 82' lang='grc' dir='ltr'><strong><em>ποιεῖται,</em></strong></span> <span class='ocrx_word' id='word_1_207' title='bbox 834 2732 877 2813; x_wconf 73' lang='grc' dir='ltr'><em>ᾧ</em></span> <span class='ocrx_word' id='word_1_208' title='bbox 901 2746 1191 2811; x_wconf 82' lang='grc' dir='ltr'><strong><em>συμφωνεῖ</em></strong></span> <span class='ocrx_word' id='word_1_209' title='bbox 1208 2742 1311 2795; x_wconf 70' lang='grc' dir='ltr'><strong>’καὶ</strong></span> <span class='ocrx_word' id='word_1_210' title='bbox 1331 2742 1640 2811; x_wconf 71' lang='grc' dir='ltr'><strong><em>Εὐριπίδης.</em></strong></span> <span class='ocrx_word' id='word_1_211' title='bbox 1684 2742 1950 2802; x_wconf 85' lang='grc' dir='ltr'><strong><em>Μνασέας</em></strong></span> 
     </span>
     <span class='ocr_line' id='line_1_28' title="bbox 114 2829 1948 2902; baseline 0 -20"><span class='ocrx_word' id='word_1_212' title='bbox 114 2832 172 2884; x_wconf 74' lang='grc' dir='ltr'><strong>δὲ</strong></span> <span class='ocrx_word' id='word_1_213' title='bbox 228 2829 363 2884; x_wconf 74' lang='grc' dir='ltr'><strong><em>κατὰ</em></strong></span> <span class='ocrx_word' id='word_1_214' title='bbox 411 2831 581 2884; x_wconf 75' lang='grc' dir='ltr'><strong><em>πάντα</em></strong></span> <span class='ocrx_word' id='word_1_215' title='bbox 630 2832 791 2885; x_wconf 86' lang='grc' dir='ltr'><strong><em>τόπον</em></strong></span> <span class='ocrx_word' id='word_1_216' title='bbox 848 2830 1064 2899; x_wconf 80' lang='grc' dir='ltr'><strong><em>εὖρετάς</em></strong></span> <span class='ocrx_word' id='word_1_217' title='bbox 1114 2835 1432 2902; x_wconf 77' lang='grc' dir='ltr'><strong><em>γεγενῆσθαι</em></strong></span> <span class='ocrx_word' id='word_1_218' title='bbox 1491 2833 1594 2884; x_wconf 73' lang='grc' dir='ltr'><strong><em>τῶν</em></strong></span> <span class='ocrx_word' id='word_1_219' title='bbox 1650 2831 1948 2898; x_wconf 81' lang='grc' dir='ltr'><strong><em>στοιχείων,</em></strong></span> 
     </span>
     <span class='ocr_line' id='line_1_29' title="bbox 111 2924 1950 2999; baseline 0 -21"><span class='ocrx_word' id='word_1_220' title='bbox 111 2924 498 2996; x_wconf 85' lang='lat' dir='ltr'><strong>prudentiores</strong></span> <span class='ocrx_word' id='word_1_221' title='bbox 536 2926 758 2998; x_wconf 87' lang='lat' dir='ltr'><strong>quidem</strong></span> <span class='ocrx_word' id='word_1_222' title='bbox 793 2945 902 2979; x_wconf 90' lang='lat' dir='ltr'><strong>non</strong></span> <span class='ocrx_word' id='word_1_223' title='bbox 946 2926 1282 2996; x_wconf 82' lang='lat' dir='ltr'><strong>dubitabant,</strong></span> <span class='ocrx_word' id='word_1_224' title='bbox 1318 2926 1448 2996; x_wconf 89' lang='lat' dir='ltr'><strong>quin</strong></span> <span class='ocrx_word' id='word_1_225' title='bbox 1482 2926 1539 2979; x_wconf 91' lang='lat' dir='ltr'><strong>in</strong></span> <span class='ocrx_word' id='word_1_226' title='bbox 1564 2926 1829 2999; x_wconf 83' lang='lat' dir='ltr'><strong>Aegypto</strong></span> <span class='ocrx_word' id='word_1_227' title='bbox 1858 2933 1950 2979; x_wconf 87' lang='lat' dir='ltr'><strong>aut</strong></span> 
     </span>
     <span class='ocr_line' id='line_1_30' title="bbox 110 3016 1948 3090; baseline 0.001 -20"><span class='ocrx_word' id='word_1_228' title='bbox 110 3016 346 3090; x_wconf 82' lang='lat' dir='ltr'><strong>Assyria</strong></span> <span class='ocrx_word' id='word_1_229' title='bbox 386 3017 500 3071; x_wconf 91' lang='lat' dir='ltr'><strong>siue</strong></span> <span class='ocrx_word' id='word_1_230' title='bbox 555 3017 717 3087; x_wconf 83' lang='lat' dir='ltr'><strong>Syria</strong></span> <span class='ocrx_word' id='word_1_231' title='bbox 770 3018 1026 3071; x_wconf 88' lang='lat' dir='ltr'><strong>inuentae</strong></span> <span class='ocrx_word' id='word_1_232' title='bbox 1081 3025 1265 3072; x_wconf 87' lang='lat' dir='ltr'><strong>essent</strong></span> <span class='ocrx_word' id='word_1_233' title='bbox 1308 3019 1522 3071; x_wconf 88' lang='lat' dir='ltr'><strong>litterae</strong></span> <span class='ocrx_word' id='word_1_234' title='bbox 1576 3026 1628 3071; x_wconf 90' lang='lat' dir='ltr'><strong>et</strong></span> <span class='ocrx_word' id='word_1_235' title='bbox 1679 3026 1870 3090; x_wconf 87' lang='lat' dir='ltr'><strong>postea</strong></span> <span class='ocrx_word' id='word_1_236' title='bbox 1919 3038 1948 3071; x_wconf 90' lang='lat' dir='ltr'><strong>a</strong></span> 
     </span>
     <span class='ocr_line' id='line_1_31' title="bbox 114 3105 1946 3180; baseline 0.001 -19"><span class='ocrx_word' id='word_1_237' title='bbox 114 3105 320 3162; x_wconf 84' lang='lat' dir='ltr'><strong>Cadmo</strong></span> <span class='ocrx_word' id='word_1_238' title='bbox 365 3109 458 3162; x_wconf 89' lang='lat' dir='ltr'><strong>uel</strong></span> <span class='ocrx_word' id='word_1_239' title='bbox 506 3109 875 3163; x_wconf 89' lang='lat' dir='ltr'><strong>Phoenicibus</strong></span> <span class='ocrx_word' id='word_1_240' title='bbox 934 3109 990 3162; x_wconf 90' lang='lat' dir='ltr'><strong>in</strong></span> <span class='ocrx_word' id='word_1_241' title='bbox 1043 3108 1334 3165; x_wconf 82' lang='lat' dir='ltr'><strong>Graeciam</strong></span> <span class='ocrx_word' id='word_1_242' title='bbox 1374 3110 1666 3163; x_wconf 89' lang='lat' dir='ltr'><strong>translatae</strong></span> <span class='ocrx_word' id='word_1_243' title='bbox 1714 3110 1946 3180; x_wconf 89' lang='lat' dir='ltr'><strong>(Herod.</strong></span> 
     </span>
    </p>
   </div>
   <div class='ocr_carea' id='block_1_3' title="bbox 122 3245 432 3254">
    <p class='ocr_par' dir='ltr' id='par_1_4' title="bbox 122 3245 432 3254">
     <span class='ocr_line' id='line_1_32' title="bbox 122 3245 432 3254; baseline 0 834"><span class='ocrx_word' id='word_1_244' title='bbox 122 3245 432 3254; x_wconf 95' lang='lat' dir='ltr'><strong> </strong></span> 
     </span>
    </p>
   </div>
   <div class='ocr_carea' id='block_1_4' title="bbox 111 3328 1946 3629">
    <p class='ocr_par' dir='ltr' id='par_1_5' title="bbox 111 3328 1946 3629">
     <span class='ocr_line' id='line_1_33' title="bbox 277 3328 1946 3389; baseline 0.002 -17"><span class='ocrx_word' id='word_1_245' title='bbox 277 3328 323 3386; x_wconf 90' lang='lat'><strong>1)</strong></span> <span class='ocrx_word' id='word_1_246' title='bbox 360 3329 512 3375; x_wconf 86' lang='lat' dir='ltr'><strong>Schol·</strong></span> <span class='ocrx_word' id='word_1_247' title='bbox 542 3331 677 3376; x_wconf 90' lang='lat' dir='ltr'><strong>Dion.</strong></span> <span class='ocrx_word' id='word_1_248' title='bbox 711 3331 819 3375; x_wconf 84' lang='lat' dir='ltr'><strong>Thr.</strong></span> <span class='ocrx_word' id='word_1_249' title='bbox 850 3346 894 3389; x_wconf 90' lang='lat' dir='ltr'><strong>p.</strong></span> <span class='ocrx_word' id='word_1_250' title='bbox 915 3331 1014 3376; x_wconf 85' lang='grc'><strong>786.</strong></span> <span class='ocrx_word' id='word_1_251' title='bbox 1056 3332 1190 3378; x_wconf 91' lang='lat' dir='ltr'><strong>Lucii</strong></span> <span class='ocrx_word' id='word_1_252' title='bbox 1220 3333 1443 3378; x_wconf 86' lang='lat' dir='ltr'><strong>Tarrhaei</strong></span> <span class='ocrx_word' id='word_1_253' title='bbox 1484 3333 1598 3376; x_wconf 89' lang='lat' dir='ltr'><strong>haec</strong></span> <span class='ocrx_word' id='word_1_254' title='bbox 1643 3347 1742 3376; x_wconf 86' lang='lat' dir='ltr'><strong>esse</strong></span> <span class='ocrx_word' id='word_1_255' title='bbox 1794 3335 1946 3376; x_wconf 83' lang='lat' dir='ltr'><strong>osten-</strong></span> 
     </span>
     <span class='ocr_line' id='line_1_34' title="bbox 112 3408 1944 3471; baseline 0.001 -18"><span class='ocrx_word' id='word_1_256' title='bbox 112 3408 231 3454; x_wconf 82' lang='lat' dir='ltr'><strong>dunt</strong></span> <span class='ocrx_word' id='word_1_257' title='bbox 259 3409 468 3456; x_wconf 75' lang='lat' dir='ltr'><strong>Cramer-i</strong></span> <span class='ocrx_word' id='word_1_258' title='bbox 501 3413 661 3457; x_wconf 82' lang='lat' dir='ltr'><strong>anecd.</strong></span> <span class='ocrx_word' id='word_1_259' title='bbox 695 3411 838 3456; x_wconf 88' lang='lat' dir='ltr'><strong>Oxon.</strong></span> <span class='ocrx_word' id='word_1_260' title='bbox 856 3411 1006 3470; x_wconf 87' lang='lat' dir='ltr'><strong>1111p.</strong></span> <span class='ocrx_word' id='word_1_261' title='bbox 1027 3413 1116 3458; x_wconf 87' lang='lat'><strong>318</strong></span> <span class='ocrx_word' id='word_1_262' title='bbox 1135 3429 1201 3471; x_wconf 84' lang='lat' dir='ltr'><strong>sq.</strong></span> <span class='ocrx_word' id='word_1_263' title='bbox 1234 3414 1290 3459; x_wconf 91' lang='lat' dir='ltr'><strong>cf.</strong></span> <span class='ocrx_word' id='word_1_264' title='bbox 1310 3413 1363 3457; x_wconf 90' lang='lat' dir='ltr'><strong>L.</strong></span> <span class='ocrx_word' id='word_1_265' title='bbox 1386 3413 1563 3457; x_wconf 89' lang='lat' dir='ltr'><strong>Preller</strong></span> <span class='ocrx_word' id='word_1_266' title='bbox 1582 3412 1753 3456; x_wconf 89' lang='lat' dir='ltr'><strong>Polem.</strong></span> <span class='ocrx_word' id='word_1_267' title='bbox 1780 3412 1944 3469; x_wconf 79' lang='lat' dir='ltr'><strong>fragm.</strong></span> 
     </span>
     <span class='ocr_line' id='line_1_35' title="bbox 111 3487 1941 3549; baseline 0.002 -18"><span class='ocrx_word' id='word_1_268' title='bbox 111 3503 156 3546; x_wconf 81' lang='lat' dir='ltr'><strong>p.</strong></span> <span class='ocrx_word' id='word_1_269' title='bbox 173 3487 245 3532; x_wconf 74' lang='lat'><strong>62.</strong></span> <span class='ocrx_word' id='word_1_270' title='bbox 287 3492 530 3545; x_wconf 80' lang='lat' dir='ltr'><strong>praeterea</strong></span> <span class='ocrx_word' id='word_1_271' title='bbox 560 3490 617 3535; x_wconf 84' lang='lat' dir='ltr'><strong>de</strong></span> <span class='ocrx_word' id='word_1_272' title='bbox 648 3491 912 3536; x_wconf 86' lang='lat' dir='ltr'><strong>litterarum</strong></span> <span class='ocrx_word' id='word_1_273' title='bbox 947 3492 1214 3539; x_wconf 88' lang='lat' dir='ltr'><strong>inuentione</strong></span> <span class='ocrx_word' id='word_1_274' title='bbox 1252 3494 1309 3538; x_wconf 86' lang='lat' dir='ltr'><strong>cf.</strong></span> <span class='ocrx_word' id='word_1_275' title='bbox 1344 3493 1438 3538; x_wconf 88' lang='lat' dir='ltr'><strong>sch.</strong></span> <span class='ocrx_word' id='word_1_276' title='bbox 1468 3491 1610 3536; x_wconf 79' lang='lat' dir='ltr'><strong>Dion·</strong></span> <span class='ocrx_word' id='word_1_277' title='bbox 1643 3491 1751 3535; x_wconf 87' lang='lat' dir='ltr'><strong>Thr.</strong></span> <span class='ocrx_word' id='word_1_278' title='bbox 1782 3506 1828 3549; x_wconf 82' lang='lat' dir='ltr'><strong>p.</strong></span> <span class='ocrx_word' id='word_1_279' title='bbox 1850 3490 1941 3536; x_wconf 86' lang='grc'><strong>781</strong></span> 
     </span>
     <span class='ocr_line' id='line_1_36' title="bbox 113 3567 1071 3629; baseline 0.004 -17"><span class='ocrx_word' id='word_1_280' title='bbox 113 3582 178 3623; x_wconf 87' lang='lat' dir='ltr'><strong>sq.</strong></span> <span class='ocrx_word' id='word_1_281' title='bbox 211 3567 328 3614; x_wconf 77' lang='lat'>1168</span> <span class='ocrx_word' id='word_1_282' title='bbox 351 3583 418 3626; x_wconf 83' lang='lat' dir='ltr'><strong>sq.</strong></span> <span class='ocrx_word' id='word_1_283' title='bbox 449 3569 678 3616; x_wconf 82' lang='lat' dir='ltr'><strong>Theodos.</strong></span> <span class='ocrx_word' id='word_1_284' title='bbox 710 3585 754 3628; x_wconf 74' lang='lat' dir='ltr'><strong>p,</strong></span> <span class='ocrx_word' id='word_1_285' title='bbox 778 3571 800 3614; x_wconf 92' lang='lat'>1</span> <span class='ocrx_word' id='word_1_286' title='bbox 822 3585 889 3628; x_wconf 86' lang='lat' dir='ltr'><strong>sq.</strong></span> <span class='ocrx_word' id='word_1_287' title='bbox 924 3572 980 3616; x_wconf 91' lang='lat'><strong>10</strong></span> <span class='ocrx_word' id='word_1_288' title='bbox 1004 3585 1071 3629; x_wconf 80' lang='lat' dir='ltr'><strong>sq.</strong></span> 
     </span>
    </p>
   </div>
  </div>
 </body>
</html>
