2280 4088
1029 327 1125 375 1¹59

99 482 172 534 25-
190 508 192 517 =
264 515 267 523 2
333 473 587 530 Catinuli.

1020 626 1136 681 XII

40 742 43 743 ⁷
95 757 156 808 26
324 759 479 812 Haec
517 760 584 813 de
625 767 878 830 quattuor
918 760 1392 831 coniugationibus
1432 777 1569 828 quae
1608 758 1885 829 pertinent
1926 757 1992 810 ad

158 852 330 905 uerba
369 870 506 923 quae
544 853 826 922 analogiae
865 860 1075 923 parent,
1115 870 1341 921 quarum
1371 850 1622 922 exempla
1645 852 1845 922 passim
1871 865 1993 920 per-

108 943 137 988 5
159 938 358 1014 scripta
392 950 520 999 sunt
555 946 617 996 et'
648 936 954 997 sunt'no'ta.·
1021 961 1158 1015 quae
1199 943 1242 995 si
1280 935 1401 1014 quis
1437 935 1758 1011 'conceperit
1794 939 1992 1005 animO,
2052 954 2054 957 ·

157 1031 268 1086 non
303 1033 463 1087 facile
486 1035 731 1088 labetur.
811 1042 937 1087 sunt
992 1034 1137 1088 enim
1190 1027 1478 1087 euidenter
1513 1032 1762 1105 exposita
1801 1050 1832 1080 ee
1871 1050 1903 1080 σε
1943 1039 1996 1082 et

157 1124 391 1178 Varroni
432 1124 579 1179 Meni
583 1121 743 1197 ppeo.
1836 1119 1839 1122 ’

93 1251 226 1343 27.J,
315 1275 489 1350 §apio
527 1285 636 1331 tam
674 1278 828 1350 sapui
863 1280 955 1333 uel
976 1280 1127 1350 *sapii
1167 1297 1330 1351 quam
1356 1278 1530 1350 sapiui
1552 1277 1842 1350 protulisse
1864 1296 1987 1330 auc-

155 1376 302 1422 tores
338 1368 710 1439 inueniuntur‚
745 1369 1146 1437 Probotamen
1183 1371 1339 1443 sapui
1365 1370 1549 1442 placet
1576 1368 1701 1438 dici,
1738 1366 1988 1433 Charislio

153 1563 311 1622 p'o'tcst
342 1566 389 1608 et
408 1564 509 1609 ‘uno
535 1564 640 1620 ¹ictu
672 1569 856 1609 taurum
887 1579 1069 1610 necare.
1103 1579 1215 1623 ergo
1245 1564 1399 1608 senior
1430 1579 1524 1608 non
1554 1564 1668 1623 satis
1694 1561 1848 1619 senex,
1867 1563 1995 1622 *sicut

153 1621 308 1670 iunior
337 1638 433 1671 non
465 1624 576 1668 satis
610 1624 808 1680 iuuenis,
857 1626 982 1670 intra
1012 1625 1239 1680 iuuenem,
1285 1624 1405 1668 sicut
1435 1625 1690 1682 pauperior
1726 1624 1853 1667 intra
1882 1637 1993 1682 pau-

187 1697 326 1729 erem.
361 1682 654 1728 dicitautem
683 1685 772 1728 hoc
789 1685 977 1729 Varro
1009 1685 1069 1728 in
1099 1684 1280 1728 libris
1307 1682 1755 1728 adCiceronem.
1789 1682 1916 1728 Seru.
1936 1682 1995 1726 ad

196 1756 292 1800 erg.
314 1742 430 1790 Aen.
443 1742 508 1787 VI
526 1740 636 1787 304:
671 1744 841 1803 senior]
882 1748 962 1787 aut
992 1759 1078 1801 pro
1109 1744 1313 1802 positiuo
1345 1744 1500 1800 posuit
1536 1743 1598 1799 (id
1635 1747 1707 1788 est
1729 1757 1869 1787 senex
1894 1744 1993 1788 add.

153 1804 247 1850 cod.
274 1806 426 1847 Paris.
460 1803 610 1858 7929),
658 1807 739 1846 aut
768 1808 822 1847 ut
854 1803 1056 1847 diximus
1089 1803 1242 1848 senior
1272 1806 1341 1846 est
1380 1803 1454 1845 uir
1482 1803 1606 1846 intra
1637 1817 1790 1847 senem
1824 1802 1994 1859 (uirens

153 1872 304 1921 senex*>
325 1864 479 1921 woly),
509 1865 565 1906 ut
594 1862 807 1906 iuuenior
840 1865 926 1920 (sic
958 1866 1049 1907 cod.
1063 1866 1233 1917 Paris.)
1253 1862 1378 1906 intra
1394 1863 1609 1906 iuuenem
1629 1867 1713 1918 est,
1739 1877 1876 1920 quam
1894 1877 1994 1906 rem

152 1916 236 1969 a'V
247 1935 462 1978 arrone
492 1925 743 1966 tractatam
779 1923 968 1976 (tracita
984 1927 1135 1968 Par-is.
1166 1927 1242 1980 qui
1263 1921 1507 1966 confirmat
1529 1927 1576 1966 et
1597 1922 1772 1966 Plinius
1808 1919 1991 1977 omittit)

153 1979 397 2027 confirmat
427 1985 474 2025 et
492 1983 579 2036 (sic
599 1985 755 2041 Regin·
779 1983 1115 2040 1674)Plinius.
1148 1981 1374 2026 Prisc.IlI
1393 1981 1450 2025 14
1462 1993 1507 2038 p.
1527 1981 1597 2036 92,
1617 1982 1669 2025 9:
1707 1986 1778 2025 est
1809 1979 1993 2038 quando

154 2041 534 2099 (comparatiuus)
567 2055 654 2098 pro
687 2041 889 2100 positiuo
921 2042 1100 2099 positus
1132 2042 1283 2086 minus
1316 2056 1369 2086 eo
1403 2040 1635 2098 significat
1660 2045 1707 2085 et
1736 2041 1851 2085 nulli
1874 2053 1994 2085 com-

154 2103 446 2166 paratur,'ut
481 2103 633 2160 (Very.
667 2106 777 2145 Aen.
817 2103 960 2155 1228)
990 2102 1188 2146 ‘tristior
1224 2105 1362 2157 atque
1395 2101 1552 2145 oculos
1582 2100 1787 2144 lacrimis
1821 2099 1993 2144 suffusa

151 2158 387 2214 nstentes’,
418 2160 601 2210 tristior
633 2160 754 2206 enim
785 2161 862 2206 hic
895 2176 952 2205 ex
984 2165 1119 2219 parte
1149 2161 1297 2206 tristis
1330 2159 1573 2217 significat,
1608 2163 1656 2203 et
1687 2161 1794 2204 ‘iam
1824 2160 1992 2215 senior,

154 2218 237 2263 sed
268 2218 413 2265 cruda
445 2220 532 2264 deo
562 2219 819 2278 uiridisque
857 2221 1085 2265 senectus'
1117 2223 1266 2280 (Very.
1285 2223 1395 2264 Aen.
1421 2223 1480 2264 Vl
1500 2223 1623 2277 304).

164 2343 169 2347 .
320 2301 392 2348 25.
427 2302 558 2347 Char.
589 2317 635 2359 p.
655 2302 727 2357 79,
748 2302 827 2347 23:
861 2303 1052 2348 Catinus
1081 2303 1338 2348 masculino
1372 2317 1542 2360 genere
1577 2302 1763 2358 dicitur,
1795 2306 1848 2347 ut
1868 2303 1994 2347 Mae-

154 2374 292 2408 cenas
314 2361 373 2417 ¹in
402 2361 445 2406 X
476 2362 738 2419 ‘ingeritur’
771 2364 838 2408 ait
855 2364 1049 2408 ‘fumans
1083 2364 1234 2408 calido
1269 2378 1373 2407 cum
1404 2363 1527 2406 farre
1560 2362 1772 2407 catinus'.
1805 2366 1855 2407 et
1886 2363 1996 2406 hinc

155 2419 440 2474 deminutiue
473 2422 656 2481 catillus
690 2421 759 2476 fit,
800 2428 854 2467 ut
896 2423 1084 2467 Asinius
1131 2427 1295 2467 contra
1337 2423 1587 2466 maledicta
1628 2422 1821 2466 Antonii
1867 2422 1996 2465 ‘uoli-

153 2482 348 2537 tantque
377 2481 492 2525 urbe
522 2485 624 2525 tota
656 2482 828 2525 catilli'.
865 2483 946 2526 sed
978 2483 1126 2526 Varro
1157 2483 1214 2526 ad
1239 2483 1509 2526 Ciceronem
1539 2482 1605 2525 XI
1638 2481 1895 2525 catinuli
1928 2481 1996 2524 di-

154 2540 240 2596 xit,
270 2554 365 2585 non
400 2541 561 2586 catilli.
624 2546 681 2597 cf.
718 2542 851 2587 Varr.
882 2543 938 2586 de
970 2543 1000 2585 l.
1032 2543 1061 2587 l.
1096 2543 1225 2586 Vllll
1252 2541 1311 2586 74
1340 2558 1384 2598 p.
1405 2542 1508 2586 511.
1570 2541 1720 2584 Diom.
1740 2556 1783 2597 p.
1803 2540 1906 2595 326,
1924 2540 1965 2587 7.

170 2647 173 2652 ›
320 2619 394 2664 26.
430 2620 579 2665 Diom.
622 2636 666 2678 p.
696 2620 798 2678 371,
829 2622 912 2666 23:
966 2623 1119 2667 Haec
1163 2622 1230 2666 de
1270 2625 1564 2679 quattuor
1602 2656 1610 2665 .
1644 2655 1653 2665 .
1692 2653 1704 2666 .
1737 2622 1995 2666 Varroni

153 2677 395 2736 Menipp
409 2693 484 2724 eo.

164 2751 186 2774 '⁸
323 2757 396 2803 27.
427 2758 571 2804 Prisc.
597 2760 641 2804 X
661 2761 688 2805 7
719 2760 1204 2818 p.·499‚17:sapio
1237 2764 1352 2805 tam
1378 2760 1654 2805 ...etiam
1686 2760 1993 2817 approbat.

156 2817 334 2862 Nonius
365 2822 521 2863 tamen
537 2820 784 2864 Marcellus
816 2821 873 2864 de
904 2822 1094 2865 mutatis
1127 2821 1530 2877 coniugationibus
1560 2821 1625 2864 sic
1656 2822 1812 2878 ponit:
1846 2820 1995 2878 sapiui

158 2891 244 2934 pro
280 2878 440 2936 sapui?
489 2884 547 2937 cf.
579 2880 712 2925 Char.
732 2895 778 2937 p.
798 2881 899 2938 246,
923 2881 993 2926 11.
1025 2881 1177 2926 Diom.
1197 2896 1242 2941 p.
1259 2881 1364 2936 369,
1382 2881 1455 2925 25.
1486 2880 1604 2926 Non.
1625 2896 1669 2938 p.
1687 2881 1798 2925 508:
1833 2880 1992 2938 sapiui.

263 3093 283 3135 ς,
314 3071 354 3119 ,3
390 3074 653 3133 pertenent
689 3062 739 3123 B
762 3072 787 3129 ΙΙ
813 3073 842 3121 5
883 3076 932 3120 et
968 3076 1083 3120 sunt
1103 3089 1215 3139 pm
1253 3073 1331 3134 VM.
1375 3074 1399 3130 Η
1443 3074 1471 3119 7
1509 3086 1707 3119 uarrom
1746 3069 1796 3118 A
1830 3071 1994 3121 Keilio

158 3138 391 3201 uidentur
431 3142 585 3191 ‘uerba
618 3146 667 3190 et
696 3142 909 3192 Varroni
946 3143 1208 3209 Menippeo
1245 3143 1312 3191 ad
1348 3143 1618 3202 exemplum
1651 3141 1731 3190 uel
1767 3156 1798 3188 a
1829 3157 1994 3204 yram—

158 3201 331 3270 matibo
366 3211 444 3265 uel
484 3227 517 3262 a
549 3212 754 3262 librario
790 3216 1023 3310 lomissum
1063 3215 1311 3275 pertinere
1355 3217 1401 3261 et
1438 3213 1598 3261 alieno
1639 3211 1740 3260 loco
1777 3212 1992 3272 interpo-

233 3285 237 3291 ‘
747 3287 788 3310 ue

90 3348 104 3360 ·
159 3305 388 3378 ε’ἱίᾳῗεὲὲε
410 3323 435 3384 ΙΙ
459 3324 488 3371 8
530 3325 673 3388 sapui
712 3341 858 3388 quam
890 3325 1015 3387 sapii
1051 3339 1198 3388 quam
1237 3325 1398 3390 sapiui
1437 3325 1523 3372 ch
1556 3322 1717 3384 sapiui
1749 3322 1829 3368 uel
1866 3322 1993 3384 sapii

199 3403 201 3407 <
281 3391 311 3406 ·‘
492 3395 493 3398 ¹
745 3392 756 3422 i

162 3406 308 3494 qutun
349 3435 493 3498 sapui
533 3435 595 3489 B,
647 3416 811 3500 sapuiv
838 3436 919 3484 uel
967 3438 1094 3499 sapii
1137 3454 1284 3501 quam
1333 3439 1475 3501 sapui
1513 3436 1574 3483 H
1629 3450 1777 3496 quam
1831 3435 1997 3498 sapiui

161 3504 339 3554 ont-«R
361 3506 386 3562 Η
411 3507 440 3552 9
468 3506 796 3558 inueniuntur
829 3522 860 3554 r
891 3503 1206 3556 inueniantur
1239 3509 1290 3558 R
1311 3510 1335 3566 ΙΙ
1361 3506 1581 3557 Charisio
1613 3520 1642 3553 r
1678 3505 1853 3552 carisio
1891 3505 1996 3553 LK

161 3573 345 3636 §arisae
378 3574 427 3625 G
461 3573 711 3627 Charisius
745 3578 796 3627 R
817 3571 842 3641 Η
