2418 4048
984 347 1048 394 65

102 490 358 544 diocriter
390 490 528 541 hanc
564 507 745 542 rerum
781 489 1198 562 dispositionem
1233 489 1444 540 firmare
1471 507 1532 540 ae
1559 489 1771 541 munire
1802 489 1933 541 mihi

101 581 336 635 uidetur.

273 671 482 725 Versus
520 671 819 725 secundum
853 670 1158 722 Varronem
1202 670 1292 737 (fr.
1331 668 1423 737 69)
1477 670 1774 722 uerborum
1827 670 1941 722 iun-

102 767 252 816 ctura
289 771 389 830 est,
423 781 560 834 quae
599 781 697 835 per
733 761 987 814 articulos
1027 769 1080 812 et
1117 767 1383 813 commata
1418 780 1479 812 ac
1506 761 1794 831 rhythmos
1831 780 1943 813 mo-

103 854 318 907 dulatur
355 854 411 905 in
448 853 634 925 pedes
709 871 869 924 quam
913 851 1284 903 definitionem
1325 851 1415 920 qui
1456 851 1740 923 proposuit
1790 868 1946 923 prae-

103 945 318 996 mittere
365 943 551 996 debuit
587 943 718 1013 quid
757 943 863 994 sint
914 942 1127 994 articuli
1165 950 1431 994 commata
1467 942 1773 1010 rhythmus,
1819 961 1939 1014 pro-

102 1043 292 1106 pterea
328 1035 564 1086 Varroni
601 1033 762 1086 tribui
806 1051 943 1102 quae
981 1033 1124 1103 apud
1161 1033 1526 1102 Victorinum,
1586 1052 1747 1105 quem
1787 1034 1939 1104 Aph-

103 1126 350 1180 thonium
386 1124 494 1176 diei
531 1123 734 1176 mauolt
774 1123 875 1175 Th.
919 1123 1105 1192 Bergk
1142 1123 1407 1194 philolog.
1445 1123 1588 1177 XVI
1627 1142 1679 1194 p.
1702 1125 1804 1178 639
1844 1145 1940 1196 sq.,

104 1217 208 1269 hoe
246 1215 612 1285 fragmentum
647 1213 986 1283 praecedunt
1022 1213 1075 1265 et
1105 1213 1173 1265 de
1198 1214 1331 1266 colis
1357 1214 1744 1284 commatisque
1770 1225 1940 1285 agunt

104 1307 324 1377 (fin68).
361 1307 428 1359 de
469 1305 776 1358 differentia
811 1305 970 1357 metri
1009 1324 1071 1357 ac
1110 1305 1352 1374 rhythmi
1391 1305 1463 1358 M.
1503 1305 1823 1358 Terentium
1867 1307 1945 1358 di4

102 1399 248 1452 xisse
273 1397 531 1451 certiores
551 1416 648 1450 nos
682 1397 808 1449 faeit
827 1396 1131 1451 Diomedes
1161 1395 1248 1465 (fr.
1273 1396 1381 1465 66),
1422 1415 1451 1448 e
1487 1416 1592 1468 quo
1633 1398 1947 1450 testimonio

106 1489 175 1543 de
205 1489 490 1559 utriusque
527 1498 722 1542 natura
762 1506 885 1540 eum
920 1487 1242 1540 disseruisse
1280 1488 1541 1557 sequitur.
1606 1507 1742 1560 quae
1780 1488 1950 1559 igitur

105 1581 248 1655 apud
269 1581 614 1634 Victorinum
653 1588 707 1633 et
739 1580 1086 1646 Diomedem,
1128 1579 1195 1631 ad
1237 1598 1371 1648 quos
1410 1580 1639 1632 frustula
1680 1579 1946 1649 quaedam

106 1673 264 1737 huius
298 1672 423 1726 libri
461 1672 779 1745 peruenisse
818 1674 923 1724 iam
961 1671 1215 1739 uidimuS,
1256 1671 1324 1723 de
1349 1671 1450 1724 hac
1481 1689 1540 1724 re
1569 1671 1946 1724 conuenientia

106 1765 247 1818 inter
273 1782 332 1817 se
357 1765 630 1834 leguntur,
666 1762 1024 1834 probabiliter
1050 1762 1119 1814 ad
1133 1762 1438 1814 Varronem
1464 1762 1782 1815 referemus
1825 1781 1949 1815 con-

106 1855 349 1908 firmatur
380 1862 559 1907 autem
586 1855 692 1907 hoc
711 1853 1011 1923 Augustini
1045 1852 1380 1920 auctoritate,
1422 1871 1582 1924 quem
1617 1854 1672 1906 in
1699 1854 1852 1906 libris
1882 1854 1949 1906 de

107 1945 640 1999 musicae-Varronis
673 1944 811 1996 libro
843 1943 910 1995 de
947 1943 1137 1996 eadem
1177 1962 1236 1996 re
1273 1944 1479 2014 scripto
1517 1944 1759 1996 hausisse
1796 1952 1946 1995 reete

107 2036 246 2090 uidit
280 2037 353 2090 Η.
380 2035 535 2089 W'eil
570 2035 628 2088 in
665 2034 1011 2089 Fleckeiseni
1071 2035 1246 2087 annal.
1289 2035 1510 2106 1862=p.
1548 2035 1669 2087 336.
1707 2035 1812 2086 344
1876 2035 1944 2086 cf.

108 2129 299 2198 Bergk
322 2128 355 2181 l.
378 2148 419 2181 s.
441 2146 492 2198 p.
516 2128 636 2196 641,
674 2134 954 2198 praeterea
975 2126 1042 2179 ad
1066 2125 1302 2178 eundem
1341 2126 1613 2197 pertinent
1640 2143 1777 2194 quae
1803 2133 1945 2177 uter-

6 2293 11 2297 .
109 2235 214 2288 que
249 2218 318 2271 de
353 2218 566 2291 poetice
606 2220 694 2287 (fr.
715 2218 806 2283 59)
842 2218 1004 2270 habet
1044 2217 1108 2269 cl.
1147 2216 1350 2270 Isidori
1389 2217 1527 2287 orig.
1569 2217 1709 2269 VIII
1734 2219 1782 2285 7,
1815 2218 1848 2267 3
1889 2224 1941 2268 et

108 2308 372 2362 Varronis
404 2309 750 2363 Parmenone
789 2329 872 2381 ap.
895 2308 1134 2362 Nonium
1174 2327 1225 2361 u.
1255 2308 1434 2379 poesis
1479 2328 1530 2380 p.
1554 2308 1675 2362 428.
1718 2308 1946 2361 circum-

110 2407 296 2473 specto
334 2418 465 2452 uero
504 2399 560 2453 in
595 2400 679 2452 his
721 2401 882 2453 rebus
919 2399 1122 2452 iudicio
1157 2417 1292 2470 opus
1328 2407 1426 2466 est,
1466 2418 1590 2451 cum
1628 2419 1737 2452 non
1774 2399 1948 2453 solum

114 2508 302 2544 omnes
353 2489 468 2543 fere
519 2477 813 2561 scriptores
870 2489 1079 2542 metrici
1129 2489 1283 2567 latini
1339 2512 1369 2542 a
1415 2488 1606 2543 Caesio
1645 2490 1814 2543 Basso
1858 2492 1946 2558 (cf.

113 2581 184 2637 O.
222 2581 361 2635 Iahn
419 2601 604 2648 (3011111.ῥ
636 2582 694 2634 in
727 2583 879 2636 Pers,
920 2590 1018 2634 sat.
1057 2581 1194 2634 Vll
1235 2580 1407 2652 p.211
1435 2599 1513 2650 sq.
1580 2580 1650 2633 H.
1697 2581 1949 2635 YVentzel

114 2673 364 2743 symbola
403 2673 520 2726 crit.
557 2674 625 2726 ad
663 2673 784 2727 hist.
822 2673 1009 2744 script.
1051 2680 1208 2725 metr.
1248 2673 1339 2728 lat.
1376 2691 1427 2743 p.
1451 2673 1499 2726 6.
1570 2672 1635 2729 Ε.
1659 2672 1948 2726 aLeutsch

110 2764 375 2835 philolog.
407 2764 493 2818 XI
527 2785 577 2837 p.
605 2765 704 2817 739
727 2772 830 2837 sq.)
852 2765 1155 2835 pendeant,
1195 2783 1224 2816 e
1266 2783 1374 2833 quo
1413 2764 1651 2817 Atilium
1683 2765 1729 2818 F
1735 2773 1951 2817 ortuna-

113 2855 317 2908 tianum
356 2855 685 2909 Diomedem
721 2856 1109 2909 Terentianum
1151 2855 1402 2908 Maurum
1440 2856 1685 2909 hausisse
1718 2856 1952 2908 ostendit

116 2949 178 3004 Ο.
195 2950 512 3004 Lachmann
549 2951 717 3022 praef.
751 2951 971 3004 Terent.
992 2952 1166 3006 Maur.
1189 2971 1239 3023 p.
1261 2951 1418 3004 XVI.
1455 2952 1521 3004 cf.
1547 2951 1804 3004 Wentzel
1839 2952 1874 3003 l.
1897 2952 1950 3018 l.‚

113 3060 304 3096 uerum
343 3041 504 3094 etiam
543 3045 731 3095 omnes
773 3062 896 3095 cum
930 3040 1074 3095 bona
1109 3051 1162 3095 et
1200 3043 1416 3111 antiqua
1472 3038 1719 3095 doctrina
1768 3050 1947 3113 poste-

113 3132 320 3208 riorum
357 3126 661 3206 temporum
697 3143 836 3186 uana
870 3132 1093 3186 inuenta
1134 3131 1431 3202 dubiasque
1466 3133 1556 3184 uel
1586 3133 1747 3184 falsas
1772 3134 1951 3184 obser-

114 3223 360 3279 uationes
398 3224 679 3278 miscuisse
719 3233 771 3276 et
811 3223 1122 3291 confudisse
1164 3231 1377 3278 constet
1428 3223 1518 3290 (ef.
1565 3224 1634 3277 A.
1673 3222 1947 3276 Rossbach

118 3313 186 3374 de
225 3322 380 3368 metr.
422 3334 604 3386 graec.
647 3316 785 3388 disp.
823 3317 914 3368 alt.
951 3335 1003 3387 p.
1033 3316 1094 3368 16
1121 3336 1199 3386 sq.
1249 3316 1311 3369 R.
1335 3313 1629 3382 Westphal
1668 3314 1718 3365 d.
1758 3314 1950 3381 fragm.

82 3457 88 3462 .
118 3423 170 3459 11.
190 3404 356 3460 lehrS.
377 3406 429 3459 d.
448 3407 655 3476 griech.
676 3407 916 3476 rhythm.
937 3426 988 3478 p.
1011 3406 1124 3459 102.
1155 3407 1270 3458 113.
1310 3406 1376 3458 al.
1415 3405 1457 3457 I.
1491 3403 1689 3456 Caesar
1723 3403 1949 3472 grundz.

119 3494 171 3548 d.
210 3495 415 3565 grieeh.
453 3497 692 3567 rhythm.
716 3518 768 3569 p.
789 3497 891 3549 273
913 3515 990 3565 sq.
1036 3497 1104 3549 H.
1131 3496 1281 3548 Weil
1319 3498 1352 3548 1.
1377 3515 1416 3547 s,
1441 3515 1481 3548 s.
1504 3515 1554 3566 p.
1578 3494 1679 3545 338
1700 3513 1776 3565 sq.
1820 3494 1948 3547 Luc.

120 3584 358 3639 Mueller
394 3584 462 3639 de
501 3605 561 3639 re
599 3595 754 3640 metr.
796 3594 940 3658 poet.
979 3587 1070 3639 lat.
1108 3605 1163 3656 p.
1198 3587 1262 3638 16
1296 3587 1414 3657 sq.).
1496 3592 1778 3656 'praeterea
1814 3584 1953 3636 Mari

1590 3680 1618 3726 5
