2314 4056
1199 352 1302 398 220

336 494 471 546 tium
505 494 650 566 apud
683 494 1006 566 Varronem,
1044 504 1097 549 et
1149 517 1246 551 cur
1293 505 1371 551 tot
1421 499 1530 553 sint
1578 507 1631 552 et
1668 517 1834 571 quare
1869 518 1932 555 eo
1968 501 2156 556 ordine

335 583 543 653 positae
584 592 638 637 et
675 603 840 654 quare
875 586 1047 640 isdem
1086 588 1393 641 nominibus
1430 597 1710 643 nocentur.

245 738 335 790 105
476 735 788 788 Auctoritas
826 745 934 789 tam
972 738 1238 791 Varronis
1278 757 1435 809 quam
1470 740 1642 793 Macri
1682 747 1818 793 teste
1857 738 2154 796 Censorino

335 842 436 879 nec
468 826 525 880 K
564 845 667 880 nec
708 828 757 896 Q
796 846 899 881 nec
938 827 984 877 H
1025 828 1081 880 in
1116 847 1343 882 numero
1383 829 1605 883 adhibet
1640 830 1934 885 literarum.

263 1136 277 1149 .
335 1047 458 1115 DE
514 1046 882 1116 ORIGINE
945 1049 1335 1120 LINGVAE
1393 1048 1772 1120 LATINAE
1836 1050 1957 1120 AD
2021 1049 2154 1120 GN.
2190 1078 2218 1122 5

573 1165 1034 1238 POMPEIVM
1083 1167 1468 1240 MAGNVM
1518 1169 1768 1238 LIBRI
1815 1169 1916 1255 III

243 1350 329 1400 106
478 1337 615 1391 Οὐδὲ
638 1335 740 1407 γάρ
775 1339 1033 1407 ἀγνοήσας
1073 1339 1102 1391 ὅ
1140 1339 1406 1407 Ῥωμύλος
1441 1339 1475 1410 ἢ
1516 1341 1563 1395 οἱ
1605 1344 1716 1393 κατ’
1762 1340 1916 1393 αὐτὸν
1959 1336 2158 1395 δείκνυ-

331 1448 416 1480 ται
457 1431 569 1479 κατ’
607 1429 771 1481 ἐκεῖνο
810 1433 1000 1498 καιροῦ
1036 1430 1127 1499 τὴν
1145 1431 1368 1483 Ἑλλάδα
1397 1433 1591 1501 φωνήν,
1628 1430 1718 1499 τὴν
1741 1431 1974 1485 Αἰολίδα
1997 1431 2148 1503 λέγω,

333 1513 402 1578 ὥς
451 1537 616 1587 φασιν
660 1515 687 1570 ὅ
742 1537 795 1570 τε
839 1520 1031 1571 Κάτων
1072 1522 1123 1572 ἐν
1171 1524 1246 1590 τῷ
1296 1522 1420 1586 περὶ
1452 1519 1751 1590 Ῥωμαικῆς
1795 1520 2154 1591 ἀρχαιότητος,

330 1602 566 1675 Βάρρων
602 1625 656 1659 τε
697 1606 725 1658 ὅ
762 1608 1232 1675 πολυμαθέστατος
1270 1612 1324 1662 ἐν
1363 1611 1660 1679 προοιμίοις
1697 1612 1799 1662 τῶν
1835 1609 1966 1680 πρὸς
2004 1614 2158 1678 Πομ·
2190 1617 2247 1662 10

335 1780 536 1824 Troiano
581 1781 707 1826 bello
738 1781 1035 1827 Palamedem
1077 1783 1311 1828 addidisse
1353 1787 1577 1841 quattuor
1606 1801 1632 1838 η
1665 1793 1703 1840 ψ
1739 1801 1776 1843 φ
1807 1801 1855 1842 χ,
1887 1771 2012 1840 post
2054 1776 2160 1828 eum

333 1838 617 1884 Simonidem
656 1840 874 1885 melicum
919 1838 1122 1886 totidem
1163 1860 1188 1886 v
1217 1848 1241 1895 ζ
1267 1860 1292 1886 ο
1321 1849 1369 1887 θ.
1445 1843 1560 1888 haec
1602 1846 1793 1887 auctore
1823 1842 2062 1896 Eaundro‚
2105 1845 2161 1887 ut

336 1899 527 1955 quidam
556 1899 737 1952 uolunt,
771 1900 851 1944 alii
882 1916 994 1946 uero
1025 1902 1228 1946 Hercule
1264 1903 1313 1946 in
1334 1902 1519 1946 Italiam
1551 1917 1577 1946 a
1595 1902 1805 1959 Pelasgis
1835 1902 2005 1946 allatae
2037 1905 2158 1946 sunt·

332 1963 389 2014 cf.
419 1958 542 2003 Max.
571 1958 692 2003 vict.
725 1959 746 2002 1
777 1962 818 2012 4,
851 1962 907 2005 95
939 1975 982 2018 p.
1000 1964 1117 2006 2468
1134 1962 1183 2006 P.
1216 1962 1238 2005 1
1272 1964 1313 2015 4,
1346 1965 1403 2006 20
1432 1977 1478 2019 p.
1495 1964 1625 2006 2458.
1656 1961 1775 2005 Plin.
1795 1960 1891 2006 vn.
1913 1964 2009 2005 172.

501 2040 597 2082 105.
661 2038 807 2083 Prisc.
838 2039 860 2083 Ι
895 2042 948 2084 16
977 2055 1022 2098 p.
1047 2044 1123 2085 13:
1169 2041 1530 2086 Auctoritas
1565 2054 1747 2098 quoque
1781 2043 1901 2084 tam
1935 2075 1944 2084 .
1982 2073 1991 2082 .
2026 2075 2035 2084 .
2069 2040 2158 2084 ad-

329 2095 505 2140 hibet
539 2097 907 2145 litterarum.
967 2106 1025 2156 cf.
1059 2101 1214 2155 Quint.
1248 2101 1269 2143 Ι
1299 2104 1340 2156 4,
1378 2103 1418 2145 9.
1451 2100 1550 2145 Vel.
1582 2100 1729 2158 Long.
1763 2114 1808 2157 p.
1833 2099 2016 2143 22181).
2055 2099 2156 2154 Ter.

330 2155 486 2199 Scau‘r.
520 2159 709 2214 p.2252.
742 2161 871 2203 2258.
905 2162 1034 2204 2261.
1067 2160 1182 2203 Mar.
1202 2159 1420 2212 Vict.13,
1442 2162 1469 2204 9
1506 2174 1551 2216 p.
1575 2162 1689 2203 2452
1712 2159 1787 2202 P.:
1824 2160 2016 2214 (mutae)
2050 2160 2159 2201 sunt

326 2229 521 2260 numero
552 2230 721 2260 nomen
747 2217 784 2260 B
801 2218 831 2261 C
846 2217 886 2260 D
904 2218 942 2262 G
957 2218 1000 2261 H
1016 2219 1104 2262 KP
1125 2220 1160 2273 Q
1180 2220 1229 2262 T.
1272 2233 1328 2262 ex
1347 2219 1418 2263 his
1447 2230 1762 2275 superuacuae
1793 2217 2070 2275 quibusdam
2089 2218 2158 2261 ui-

331 2274 505 2318 dentur
534 2275 576 2318 K
606 2277 654 2320 et
680 2276 731 2330 Q,
766 2277 874 2332 quia
901 2277 931 2320 C
964 2278 1125 2322 littera
1158 2278 1326 2321 harum
1355 2278 1510 2322 locum
1541 2277 1692 2335 possit
1723 2277 1930 2334 implere.
1976 2275 2024 2320 H
2047 2284 2158 2333 quo-

332 2346 420 2390 que
451 2334 781 2390 adspirationis
816 2339 977 2380 notam
1007 2352 1101 2381 non
1125 2338 1334 2381 litteram
1368 2338 1679 2381 aestimamus.
1713 2341 1767 2392 cf.
1791 2336 1870 2389 16,
1887 2338 1940 2379 13
1969 2337 2157 2392 p.2455.

328 2392 450 2435 Max.
467 2392 587 2437 Vict.
618 2397 762 2450 p.277
777 2394 910 2438 Lind.
943 2411 987 2452 p.
1010 2399 1121 2440 1495
1139 2397 1189 2440 P.
1225 2397 1280 2441 cl.
1312 2397 1449 2440 Endl.
1472 2396 1590 2440 anal.
1622 2410 1815 2454 gramm.
1848 2397 2014 2451 p.200:
2046 2395 2159 2447 (inu-

328 2453 423 2507 tae)
457 2455 565 2496 sunt
592 2467 762 2496 nouem
791 2454 1132 2499 BCDGHKP
1150 2456 1250 2510 QT.
1314 2457 1432 2500 duae
1464 2470 1522 2499 ex
1550 2455 1621 2499 his
1656 2467 1970 2511 superuacuae
1997 2452 2158 2497 uiden·

328 2513 408 2553 tur
438 2510 481 2554 K
517 2514 565 2555 et
595 2512 648 2566 Q,
681 2514 787 2568 quia
823 2513 854 2557 C
885 2513 1046 2558 littera
1075 2530 1237 2559 eorum
1269 2515 1423 2559 locum
1454 2514 1604 2571 possit
1636 2514 1836 2570 explere.
1881 2527 2048 2557 uerum
2074 2512 2158 2555 has

331 2583 513 2626 quoque
548 2572 836 2615 necessarias
871 2573 1238 2631 orthographiae
1270 2574 1392 2618 ratio
1425 2573 1582 2627 efficit,
1603 2576 1657 2616 ut
1690 2572 1904 2629 quotiens
1935 2571 1978 2615 A
2009 2572 2158 2628 seq'ui-

329 2631 408 2671 tur
435 2643 521 2685 per
551 2629 594 2673 K
626 2631 923 2676 scribendum
960 2633 1034 2685 sit,
1067 2637 1119 2677 ut
1150 2634 1303 2676 kanna
1332 2633 1558 2677 kalendae
1587 2632 1843 2688 Karthago,
1879 2632 2094 2688 quotiens
2112 2629 2158 2675 'V

329 2702 414 2743 per
447 2687 483 2742 Q
509 2689 563 2731 ut
596 2690 814 2745 quoniam
846 2691 1065 2745 Quirites,
1099 2693 1313 2749 quotiens
1343 2693 1551 2750 reliquae
1586 2691 1774 2735 uocales
1804 2704 1891 2747 per
1912 2689 1944 2733 O
1979 2692 2039 2733 ut'
2058 2703 2157 2733 cer·

329 2749 405 2790 tus
438 2747 555 2791 ciuis
593 2748 884 2794 Commodus.
930 2751 973 2794 H
1002 2766 1116 2796 uero
1150 2752 1445 2796 existimatur
1471 2750 1800 2807 adspirationis
1831 2751 1957 2801 nota,
1993 2753 2158 2792 uerum

330 2807 489 2850 tamen
516 2807 679 2851 littera
710 2811 795 2852 est.
855 2814 909 2866 cs.
942 2810 1093 2854 Diom.
1123 2826 1169 2868 p.
1194 2813 1294 2863 423,
1322 2815 1387 2856 10.
1448 2810 1618 2854 Donat.
1650 2809 1671 2852 I
1698 2813 1739 2862 2,
1775 2811 1816 2852 3.
1849 2811 1876 2851 4
1906 2822 1950 2864 p.
1976 2808 2088 2851 1736
2104 2806 2154 2850 P.

499 2888 597 2930 106.
662 2887 787 2931 Ioan.
820 2887 936 2944 Lyd.
971 2889 1026 2933 de
1058 2892 1240 2947 magist.
1259 2890 1281 2932 Ι
1303 2893 1327 2933 5
1358 2905 1403 2946 p.
1422 2892 1503 2933 125
1520 2888 1689 2932 Bekk.:
1721 2883 1836 2930 ὥστε
1869 2880 2083 2942 τύραννος
2101 2877 2156 2940 ἦν

333 2943 357 2988 ὁ
398 2940 633 3003 Ῥωμύλος,
678 2948 858 3003 πρῶτον
894 2947 986 3006 μὲν
1027 2946 1107 2992 τὸν
1152 2946 1360 3007 ἀδελφὸν
1397 2945 1570 2992 ἀνελὼν
1614 2949 1690 2989 καὶ
1731 2943 1811 2989 τὸν
1851 2947 2037 3003 μείζονα
2079 2946 2155 3012 ῃαὶ

327 2998 538 3060 πράττων
568 2999 746 3062 ἀλόγως
783 3003 838 3048 τὰ
879 3011 1230 3065 προςπίπτοντα.
1302 3001 1433 3066 ταύτῃ
1474 3009 1550 3049 καὶ
1590 3010 1780 3062 Κυρῖνος
1816 3007 2155 3061 προςηγορευθη

328 3064 467 3106 οἱονεὶ
497 3057 658 3120 κύριος,
694 3060 779 3108 κᾶν
808 3067 845 3107 εἰ
863 3067 1147 3124 Διογενιανῷ
1179 3066 1240 3123 τῷ
1270 3060 1581 3124 λεξικογράφῳ
1605 3059 1747 3112 ἄλλως
1768 3063 1896 3106 δοκεῖ
1922 3062 2053 3122 (δοκῇ
2076 3063 2152 3132 Ο);

329 3117 689 3181 οὐδὲγὰρ..
726 3157 735 3167 .
772 3121 1207 3183 ἔνσπειράντων
1237 3121 1445 3183 φωνήν.
1489 3121 1632 3182 ἡγὰρ
1664 3126 1998 3182 γραμματικοῖς
2030 3137 2156 3179 παρα

467 3271 497 3317 2
538 3286 690 3334 quare
724 3270 914 3319 hisdem
949 3271 998 3320 A
1022 3274 1045 3331 ΙΙ
1071 3274 1098 3320 3
1142 3274 1381 3321 autoritas
1418 3274 1470 3321 D
1494 3265 1518 3337 ΙΙ
1541 3275 1640 3319 tam
1675 3271 1728 3319 in
1765 3284 1857 3331 my.
1899 3267 2014 3317 add.
2048 3267 2082 3316 h
2117 3266 2146 3328 Η

328 3341 481 3388 macri
518 3343 568 3388 et
609 3342 849 3388 censorini
881 3341 978 3392 GL
1014 3345 1141 3390 teste
1174 3344 1228 3391 in
1262 3359 1355 3406 my.
1396 3343 1458 3400 ῑΙΙ
1484 3346 1515 3389 4
1551 3340 1618 3397 Κ]
1656 3341 1681 3388 f
1711 3339 1769 3387 K
1798 3337 1973 3387 anteK
2007 3339 2155 3387 unius

331 3408 534 3468 litterae,
568 3414 682 3470 post
717 3410 756 3469 Q
793 3413 1005 3461 duarum
1042 3412 1130 3460 litt.
1172 3410 1256 3474 (ue
1289 3416 1343 3461 ut
1378 3407 1598 3473 uidetur)
1642 3410 1794 3459 litura
1826 3410 1880 3456 in
1914 3407 1964 3456 R
2003 3400 2029 3471 ΙΙ
2064 3423 2148 3474 no-

329 3494 464 3526 mero
498 3479 548 3528 A
571 3475 596 3542 ΙΙ
619 3481 650 3526 8
688 3473 889 3527 ἐκείνου
931 3495 1057 3530 corr.
1095 3482 1175 3543 ab.
1203 3482 1288 3531 alt.
1323 3497 1385 3530 m.
1435 3483 1488 3538 ofin
1525 3474 1688 3524 ἐκεῖνο
1739 3477 1781 3528 0
1817 3493 1874 3519 τ·-
1913 3475 2018 3526 cod.
2059 3475 2150 3526 Ga-

329 3548 539 3599 scotinus
561 3545 587 3615 Η
