2236 4030
1189 327 1238 358 VI

299 466 352 511 et
383 458 626 522 aliorum,
680 473 905 523 quorum
960 453 1288 524 exemplaria
1322 451 1379 503 in
1420 451 1657 502 omnium
1695 453 1941 505 manibus
1977 461 2129 527 suntx

297 565 492 600 nomen
549 545 775 614 singulis
827 545 957 595 locis
1007 542 1151 594 facili
1210 541 1430 609 negotio
1475 558 1634 610 saepe
1679 542 1973 594 emendatis
2008 561 2119 596 non

295 653 511 705 semper
556 633 933 686 adscriberem.
1018 639 1076 682 ut
1126 638 1305 682 autem
1341 630 1523 699 paullo
1565 630 1931 683 emendatiora
1983 631 2118 685 haec

296 725 603 794 fragmenta
657 721 924 793 prodeant
980 719 1299 791 praesertim
1339 718 1565 771 Henrici
1603 718 1751 771 Keili
1806 719 2116 774 liberalitati

292 832 412 866 mea
451 812 623 865 laude*
653 810 841 862 maiori
878 810 1122 874 debetur,
1170 828 1199 859 a
1251 826 1354 876 quo
1394 808 1556 861 facile
1594 810 1943 862 Hermannus
1978 811 2116 866 Vse-

294 920 393 953 ner
436 900 746 970 inpetrauit,
805 906 863 950 ut
923 915 1059 967 quae
1110 896 1177 948 ad
1215 896 1478 951 Varronis
1533 899 1684 951 locos
1742 899 1800 952 in
1853 918 2116 968 gramma-

295 992 412 1044 ticis
449 989 628 1042 latinis
669 988 858 1040 obuios
897 987 1248 1039 adnotauerat
1286 975 1462 1039 ineum
1515 988 1571 1039 in
1618 1008 1775 1041 usum
1810 989 2118 1044 describere

294 1081 395 1133 sibi
431 1080 637 1132 liceret.
677 1079 743 1130 de
785 1077 1103 1148 quibusdam
1139 1096 1269 1130 uero
1305 1077 1439 1130 locis
1484 1077 1602 1149 ipse
1622 1079 1837 1133 Keilius
1875 1080 2116 1152 benigne

295 1170 576 1222 certiorem
625 1186 709 1219 me
763 1167 906 1219 fecit.
986 1175 1269 1236 praeterea
1305 1168 1522 1221 Vsener
1556 1168 1768 1222 Bernae
1820 1170 1958 1224 duos
1997 1171 2113 1225 Au-

293 1259 497 1331 gustini
553 1258 620 1311 de
676 1258 958 1310 dialectica
1006 1258 1172 1311 libros
1229 1257 1550 1311 nitidissime
1601 1259 1730 1311 mihi
1775 1261 2002 1313 contulit
2057 1268 2110 1314 et

294 1350 490 1402 multos
542 1349 768 1400 aliorum
825 1348 1149 1419 scriptorum
1199 1348 1349 1401 locos
1402 1369 1432 1411 a
1479 1367 1563 1401 me
1598 1357 1819 1420 rogatus
1855 1351 2152 1423 inspexit·

294 1439 679 1494 Seruianorum
729 1438 974 1490 locorum
1030 1438 1293 1490 lectiones
1336 1439 1614 1509 Georgius
1652 1442 1812 1495 Thilo
1851 1442 2115 1498 liberalis·

294 1530 427 1582 sime
479 1547 692 1582 mecum
746 1528 1181 1581 communicauit.
1273 1529 1400 1582 alias
1457 1531 1548 1583 alii
1604 1549 1690 1584 me
1747 1532 2118 1587 instruxerunt

295 1642 426 1693 quos
476 1643 571 1677 suo
629 1642 896 1693 quemque
948 1624 1068 1676 loco
1122 1622 1412 1675 nominaui.
1485 1641 1554 1676 ne
1586 1630 1766 1676 autem
1805 1623 2117 1695 quidquam,

294 1715 438 1787 quod
483 1714 600 1768 aliis
647 1715 876 1768 debetur
915 1722 1142 1782 taceam,
1202 1714 1718 1767 conmemorandum
1766 1722 1846 1767 est
1881 1714 2115 1769 Vseneri

295 1813 348 1858 et
399 1804 550 1858 Curti
594 1804 974 1858 Wachsmuthi
1031 1804 1330 1858 amicorum
1381 1804 1723 1872 beneficium,
1781 1805 1871 1874 qui
1914 1822 2002 1858 me
2058 1805 2117 1859 in

294 1894 502 1946 Italiam
543 1895 783 1964 profecto
821 1913 931 1946 non
971 1895 1142 1947 solum
1179 1895 1523 1965 plagularum
1554 1893 1957 1948 accuratissime
1999 1912 2115 1947 cor·
2165 1931 2168 1934 -

292 1985 642 2055 rigendarum
695 1983 931 2036 taedium
984 1991 1338 2055 susceperunt
1390 2001 1579 2036 uerum
1621 1983 1781 2036 etiam
1827 1984 2114 2056 conplures

293 2075 443 2127 locos
482 2074 749 2127 medicina
772 2081 997 2144 egentes
1032 2074 1176 2126 felici
1197 2073 1492 2144 sagacitate
1517 2073 1958 2128 emendauerunt.
2000 2074 2113 2143 qui-

293 2166 392 2218 bus
431 2165 681 2218 omnibus
719 2165 922 2235 gratias
959 2183 1062 2235 ago
1099 2164 1440 2232 lectoresque
1477 2181 1690 2217 mecum
1724 2171 1904 2233 agent.

455 2255 656 2309 Romae
693 2254 750 2307 in
789 2254 1059 2326 Capitolio
1096 2271 1282 2307 mense
1321 2254 1463 2308 Iulio
1510 2254 1660 2308 1864.
