2288 4056
1076 342 1104 389 5

167 495 354 562 petere
416 491 615 560 potuit,
682 489 811 543 licet
869 489 1182 561 Tryphonis
1248 492 1447 563 scripta
1512 493 1568 546 in
1623 512 1779 546 usum
1842 513 1996 547 suum

166 579 512 648 conuerterit,
553 580 696 650 quod
733 599 910 654 neque
947 581 1218 635 adfirmari
1256 600 1358 635 nec
1399 583 1590 653 negari
1627 590 1819 654 potest.

334 670 565 724 Prorsus
595 671 809 726 diuersa
842 673 1050 725 ratione
1087 673 1307 726 stoici
1335 674 1391 727 in
1413 674 1780 746 grammaticis
1803 674 1994 728 studiis

85 783 97 796 ⁸
163 761 525 814 uersabantur
560 761 650 831 (cf.
695 763 738 814 I.
769 761 997 817 Classen
1036 763 1103 816 de
1146 782 1376 834 gramm.
1418 783 1499 833 gr.
1537 765 1797 835 primord.
1841 783 1894 835 p.
1932 766 1996 818 72

165 869 244 922 sq.
263 852 328 906 R.
370 850 621 906 Schmidt
656 853 943 906 stoicorum
968 873 1195 925 gramm.
1251 854 1313 910 C.
1335 854 1523 907 Prantl
1559 855 1747 925 gesch.
1769 856 1994 927 ‹Llogik

164 943 193 996 I
225 960 281 1015 p.
306 943 412 996 414
429 961 507 1013 sq.
562 942 636 995 H.
661 942 933 999 Steinthal
969 944 1156 1015 gesch.
1184 944 1233 997 d.
1258 945 1519 1015 sprachw.
1541 946 1593 998 b.
1616 946 1665 999 d.
1691 945 1913 1001 Griech.
1942 966 1994 1000 u.

164 1035 353 1089 Boem.
373 1053 425 1106 p.
445 1034 548 1087 278
568 1038 694 1104 sq.),
739 1034 939 1107 quippe
976 1036 1067 1108 qui
1092 1056 1122 1088 a
1147 1035 1491 1107 philosophia
1518 1036 1751 1108 profecti
1783 1037 1996 1089 uniuer-

164 1142 276 1178 sam
315 1125 454 1178 hanc
492 1125 830 1197 disciplinam
871 1125 940 1178 ad
980 1126 1318 1178 dialecticam
1356 1128 1642 1197 referrent,
1680 1126 1994 1200 idcircoque

163 1237 194 1270 a
228 1216 496 1288 principio
549 1215 617 1268 ad
661 1217 816 1288 leges
866 1218 1156 1288 generales
1212 1237 1348 1289 quae
1397 1219 1463 1271 de
1512 1220 1699 1290 lingua
1747 1221 1994 1272 ualerent

163 1307 401 1360 animum
440 1306 804 1359 intenderent.
862 1307 1146 1360 dialectica
1196 1307 1271 1360 eis
1310 1308 1606 1361 secundum
1640 1309 1993 1363 Posidonium

163 1396 425 1463 ἃπιστὴμη
469 1395 684 1464 ἀληθῶν
722 1396 813 1448 καὶ
848 1397 1067 1460 ψευδῶν
1106 1396 1197 1447 καί
1241 1395 1532 1462 οὐδετέρων
1583 1398 1785 1468 (Laert.
1830 1400 1994 1471 Diog.

82 1549 87 1555 ‚
162 1487 277 1541 VII
292 1487 386 1558 62)
422 1496 536 1541 erat
573 1488 753 1558 itaque
792 1487 1362 1560 praecipuas-quoque
1400 1490 1787 1559 grammaticae
1816 1499 1996 1562 partes

165 1580 555 1651 etymologiam
578 1579 967 1633 declinationes
994 1579 1268 1648 syntaxin,
1308 1599 1429 1632 cum
1457 1580 1701 1649 linguam
1724 1588 1998 1651 tamquam

165 1671 461 1725 subsidium
519 1672 847 1743 cognitionis
885 1672 1166 1740 haberent,
1212 1672 1568 1744 explorabant
1627 1679 1887 1743 quatenus
1929 1673 1995 1726 ad

164 1780 356 1815 uerum
407 1762 819 1835 percipiendum
869 1769 1195 1834 spectarent.
1254 1762 1404 1834 loqui
1450 1779 1581 1831 ergo
1637 1781 1760 1815 cum
1807 1759 1863 1812 τὸ
1906 1760 1997 1829 τὴν

163 1854 256 1904 τοῦ
301 1851 590 1918 νοουμένου
646 1852 953 1920 πράγματος
1007 1850 1330 1918 σημαντικὴν
1381 1849 1758 1919 προφέρεσθαι
1812 1851 1994 1921 φωνὴν

165 1945 344 2015 (Sext.
381 1943 539 2018 Emp.
577 1945 703 2000 adu..
735 1945 895 1997 math.
919 1944 1062 1998 VIII
1083 1944 1151 1997 80
1186 1945 1252 1998 cf.
1291 1942 1589 2013 Augustini
1621 1943 1789 1996 uerba
1824 1944 1997 2015 princ.

164 2035 286 2090 dial.
308 2035 362 2088 V
400 2042 533 2103 loqui
567 2045 636 2090 est
675 2042 939 2090 articulata
975 2056 1090 2090 uoce
1125 2042 1316 2102 siquam
1353 2038 1494 2099 dare)
1513 2036 1844 2106 acciperent,
1869 2035 1998 2088 inde

167 2135 527 2181 consecuntur
583 2145 719 2197 quae
771 2127 838 2179 de
892 2127 1224 2198 etymologia
1275 2126 1369 2195 (cf.
1413 2125 1569 2196 Orig.
1622 2133 1808 2179 contra
1850 2125 1995 2180 Cels.

164 2218 302 2285 124)
344 2226 398 2270 et
439 2218 721 2285 anomalia,
762 2219 846 2270 cui
884 2218 1362 2291 patrocinabantur
1400 2217 1581 2285 (Varr.
1619 2216 1686 2270 de
1725 2217 1821 2271 1.1.
1859 2217 1992 2270 IXl

165 2307 369 2380 p.456)
412 2308 691 2362 docebant.
735 2309 1005 2381 syntaxin,
1059 2308 1154 2360 illa
1195 2308 1509 2361 dialecticae
1565 2327 1686 2360 cum
1725 2327 1994 2378 gramma-

165 2399 272 2452 tica
311 2399 689 2452 coniunctione
726 2401 919 2473 posita,
957 2408 1068 2453 tam
1103 2408 1216 2453 arte
1260 2420 1383 2453 cum
1420 2400 1722 2472 praeceptis
1763 2399 1831 2452 de
1860 2399 1996 2452 iudi-

165 2489 262 2543 ciis
301 2497 354 2543 et
390 2490 1009 2544 conclusionibus—datis
1046 2491 1464 2560 coniunxerunt,
1515 2499 1574 2543 ut
1619 2491 1828 2544 nullum
1878 2492 1994 2544 fere

164 2581 307 2649 inter
342 2585 629 2651 utramque
668 2581 1280 2635 discrimen-seruarent
1315 2582 1405 2652 (cf.
1432 2582 1623 2635 Prantl
1657 2583 1692 2635 l.
1714 2582 1749 2635 l.
1774 2600 1826 2652 p.
1849 2581 1993 2647 442).

167 2675 375 2730 duobus
413 2676 683 2748 prioribus
717 2696 863 2730 nunc
899 2677 1093 2745 missiS,
1133 2677 1199 2729 de
1241 2677 1431 2749 quibus
1484 2677 1587 2729 uiri
1641 2676 1785 2729 docti
1835 2695 1997 2748 supra

162 2766 367 2820 laudati
406 2768 546 2820 bene
586 2775 902 2820 meruerunt
953 2776 1006 2821 et
1061 2769 1191 2821 mihi
1238 2768 1327 2821 hic
1378 2768 1491 2821 illic
1530 2767 1669 2819 infra
1707 2766 1997 2820 dicendum

165 2864 264 2925 est,
312 2857 631 2912 breuissime
683 2866 975 2929 syntaxeos
1021 2859 1342 2912 diuisionem
1385 2858 1685 2929 inprimis
1721 2857 1997 2911 Laertium

163 2948 475 3020 Diogenem
529 2957 741 3003 secutus
795 2949 932 3017 (VII
971 2950 1038 3004 55
1077 2951 1180 3022 sq.)
1234 2969 1562 3023 percurram.
1617 2967 1746 3022 prae
1800 2950 1997 3002 ceteris

165 3047 344 3094 autem
381 3040 438 3093 in
475 3041 577 3093 hac
616 3059 676 3094 re
711 3042 968 3094 excelluit
1021 3040 1363 3114 Chrysippus
1403 3042 1582 3094 ‘homo
1622 3041 1998 3109 acutissimus',

167 3131 319 3207 cuius
371 3131 708 3186 dialecticam
765 3133 988 3204 dignam
1048 3151 1182 3202 quae
1241 3133 1469 3186 deorum
1527 3137 1669 3186 esset
1724 3132 1995 3203 putabant.

166 3221 398 3279 mirabili
435 3223 689 3277 nimirum
728 3243 856 3278 usus
896 3225 1221 3278 adsiduitate
1259 3226 1349 3277 uel
1383 3225 1562 3295 potius
1598 3223 1996 3277 insatiabilitate

168 3314 438 3368 scribendi
474 3315 595 3386 plus
633 3315 892 3368 trecentis
930 3316 1098 3383 libris,
1140 3335 1369 3388 quorum
1389 3315 1628 3369 indicem
1651 3314 1794 3386 apud
1818 3314 1995 3366 Laert.

167 3402 333 3475 Diog.
370 3405 487 3459 VII
519 3405 619 3459 189
656 3425 734 3478 sq.
773 3407 956 3475 habeS,
1009 3407 1254 3477 singulos
1296 3407 1444 3459 locos
1482 3406 1646 3458 solius
1689 3403 1996 3456 dialecticae

167 3491 490 3563 inlustrauit,
536 3503 771 3565 'quorum
806 3497 1071 3568 plurimos
1124 3515 1193 3550 ne
1249 3497 1423 3550 dicam
1464 3513 1664 3562 omneS,
1723 3514 1841 3547 cum
1885 3501 1994 3547 tota

158 3583 302 3637 >haec
362 3585 642 3641 dialectica
702 3606 730 3641 e
785 3588 1146 3660 grammaticis
1201 3589 1497 3643 rationibus
1553 3587 1834 3660 penderet,
1886 3605 1996 3639 non
