2314 4056
1185 374 1291 423 2022

325 533 459 568 mus.
531 515 628 568 sed
668 515 772 568 hoc
785 516 962 569 Varro
999 517 1064 568 ab
1098 515 1432 572 Archilocho
1475 522 1690 572 auctum
1725 517 1852 578 dicit
1885 521 2143 576 adiuncta

325 605 537 673 syllaba
571 612 626 657 et
660 605 861 658 factum
895 606 1033 658 tale:
1070 605 1232 658 ‘omni
1270 611 1492 676 potente
1530 614 1755 677 parente
1788 610 1942 665 meo’.
2012 611 2141 665 huic

326 694 368 747 si
408 695 619 750 auferas
655 696 901 749 ultimam
937 695 1220 765 syllabam,
1270 702 1427 748 erunt
1461 697 1597 749 tales
1637 705 1747 751 tres
1782 699 1969 770 pedies,
2008 718 2142 772 quos

320 784 470 855 prior
510 805 634 858 pars
670 785 972 839 hexametri
1007 785 1252 857 recipere
1289 785 1588 839 consueuit.
2002 794 2008 800 '

267 954 323 1004 73
465 950 541 1004 At
570 950 628 1004 in
663 958 965 1004 extremum
990 951 1260 1005 senarium
1280 950 1506 1004 totidem
1530 953 1893 1025 semipedibus
1916 954 2145 1010 adiectis
2162 962 2191 1007 5

322 1040 418 1094 fiet
456 1041 694 1094 comicus
733 1040 1040 1109 quadratus,
1077 1048 1136 1093 ut
1172 1040 1287 1092 hic:
1343 1039 1478 1093 ‘heri
1515 1040 1721 1111 aliquot
1752 1042 2146 1098 adulescentuli

323 1132 528 1185 coimus
565 1133 622 1185 in
660 1131 884 1186 Piraeo’.

262 1291 322 1340 74
464 1283 643 1349 Quare
698 1283 755 1335 in
810 1283 1188 1337 huiuscemodi
1243 1283 1376 1336 locis
1428 1283 1559 1355 poni
1609 1290 1824 1353 oportet
1876 1290 2060 1339 notam
2086 1286 2144 1345 '²1

323 1383 688 1428 transuersam
723 1373 866 1426 inter
903 1374 1159 1443 syllabaS,
1205 1373 1542 1442 frequentius
1581 1373 1649 1426 ad
1682 1381 1985 1427 extremum
2021 1393 2141 1428 uer-

323 1483 441 1519 sum
487 1465 762 1518 senarium
811 1472 865 1516 et
902 1463 1120 1529 similes,
1173 1464 1218 1515 si
1263 1481 1362 1534 pro
1397 1464 1564 1532 longa
1598 1465 1824 1517 breuem
1859 1456 2141 1518 habebunt
2163 1472 2221 1518 10

489 1657 559 1700 73.
621 1655 776 1702 Rufin.
821 1671 985 1701 comm.
1031 1657 1081 1700 in
1125 1660 1258 1701 metr.
1291 1656 1479 1701 Terent.
1513 1671 1558 1712 p.
1576 1654 1754 1701 270712.
1787 1656 1875 1700 380
1892 1656 1968 1703 Gn:
2015 1656 2142 1704 idem

322 1719 471 1762 Varro
501 1717 551 1759 in
582 1715 742 1760 eodem
770 1715 890 1760 libro
912 1715 997 1760 VII
1033 1715 1098 1771 (in
1133 1716 1297 1759 eodem
1330 1715 1525 1772 septimo
1551 1718 1590 1759 A
1620 1715 1782 1759 eodem
1793 1714 1879 1759 VH
1897 1717 1948 1771 B)
1984 1715 2042 1759 de
2063 1716 2147 1761 lin-

324 1790 416 1833 gua
444 1775 590 1819 latina
621 1775 680 1819 ad
709 1774 981 1818 Marcellum
1015 1775 1080 1818 sic
1115 1774 1256 1819 dixit:
1292 1778 1355 1818 at
1388 1775 1448 1818 in
1480 1808 1490 1818 .
1529 1807 1538 1816 .
1583 1806 1592 1816 .
1625 1774 1684 1818 in
1714 1773 1936 1821 Piraeo.
1998 1774 2146 1826 Diom.

322 1850 366 1891 p.
388 1834 490 1888 515,
521 1833 570 1877 3:
615 1833 928 1890 septenarium
955 1848 1140 1877 uersum
1170 1833 1347 1876 Varro
1378 1832 1480 1883 fieti
1511 1831 1623 1877 dicit
1651 1832 1741 1877 hoc
1770 1831 1922 1887 modo,
1953 1847 2060 1877 cum
2089 1833 2148 1881 ad

322 1893 571 1938 iambicum
598 1893 864 1948 trisyllabus
894 1906 974 1948 pes
1007 1892 1196 1936 additur
1230 1896 1278 1935 et
1317 1891 1373 1935 fit
1411 1891 1506 1936 tale
1537 1891 1664 1947 ‘quid
1691 1891 2039 1938 immerentibus
2069 1907 2150 1938 no·

327 1967 401 1997 ces
438 1952 549 2007 quid
579 1951 757 1995 inuides
789 1951 947 1995 amicis
961 1951 999 1995 ‘?’
1035 1951 1194 1995 similis
1225 1950 1274 1994 in
1308 1950 1528 1995 Terentio
1561 1953 1829 2006 (Hecyrdn
1858 1957 1902 2003 2,
1933 1953 2010 2002 14)
2045 1965 2147 1996 uer-

325 2026 402 2056 sus
434 2014 506 2054 est
537 2012 658 2055 ‘nam
689 2010 728 2054 si
758 2010 1000 2055 remittent
1030 2009 1265 2066 quippiam
1287 2009 1585 2053 Philumenae
1606 2008 1816 2054 dolores'.
1853 2012 1902 2054 et
1921 2009 1970 2055 in
1984 2009 2148 2055 Plauto

325 2069 507 2126 saepius
537 2071 652 2115 tales
686 2069 994 2125 reperiuntur.
1061 2068 1212 2112 Rufin.
1232 2067 1378 2124 p.378
1395 2068 1447 2112 G.
1484 2084 1528 2124 p.
1547 2066 1664 2112 2706
1681 2067 1752 2112 R:
1784 2067 2031 2112 Diomedes
2053 2069 2146 2114 aie:

327 2129 655 2186 ‘septenarium
683 2142 868 2171 uersum
882 2128 1058 2172 Varro
1093 2127 1195 2171 fieri
1225 2127 1342 2171 dicit
1370 2127 1458 2171 hoc
1489 2127 1642 2179 mod0,
1674 2141 1778 2173 eum
1811 2127 1870 2173 ad
1900 2127 2151 2173 iambicum

323 2188 587 2244 trisyllabus
619 2201 701 2244 pes
731 2187 919 2231 additur
951 2189 998 2230 et
1028 2186 1083 2230 fit
1116 2186 1209 2234 tale
1242 2186 1368 2241 ‘quid
1394 2185 1727 2230 inmerentibus
1757 2200 1910 2242 noces,
1942 2186 2054 2242 quid
2083 2186 2151 2232 in-

324 2247 454 2291 uides
501 2246 657 2292 amicis
670 2246 720 2292 ‘?'.
783 2246 996 2289 similiter
1026 2246 1075 2289 in
1105 2245 1323 2289 Terentio
1366 2258 1528 2289 uersus
1568 2247 1640 2287 est
1672 2245 1792 2289 ‘nam
1834 2245 1874 2289 si
1911 2245 2152 2291 remittent

323 2304 1134 2419 tissl'piaffssiiumetiir‘isifi'sriss
1160 2302 2153 2419 ⁴502&ssfflfflusssssspssuielffiialii{²3¹}ss

259 2443 263 2446 ·
323 2423 412 2468 hoc
440 2423 591 2478 modo,
625 2437 730 2467 cum
763 2422 823 2466 ad
855 2422 1106 2467 iambicum
1142 2422 1410 2477 trisyllabus
1454 2435 1536 2478 pes
1569 2420 1769 2477 additur,
1809 2425 1863 2465 ut
1893 2421 2153 2478 praefatum

325 2486 408 2536 est,
455 2487 503 2526 et
533 2481 588 2525 fit
617 2483 711 2526 tale
743 2481 869 2537 ‘quid
897 2481 1230 2526 inmerentibus
1261 2494 1414 2534 noces,
1439 2480 1548 2536 quid
1578 2479 1758 2524 inuides
1790 2479 1948 2525 amicis
1964 2481 2000 2524 ‘?‘
2031 2479 2152 2524 simi·-

324 2540 381 2584 lis
424 2540 473 2584 in
512 2541 728 2585 Terentio
769 2554 931 2584 uersus
964 2543 1058 2584 est:
1091 2542 1212 2583 ‘nam
1245 2539 1284 2583 si
1317 2539 1558 2582 remittent
1592 2538 1825 2595 quippiam
1855 2539 2152 2584 Philumenae

324 2599 536 2644 dolores'.
601 2603 650 2644 et
689 2600 738 2644 in
767 2599 933 2644 Plauto
972 2613 1047 2644 sae
1087 2599 1190 2655 pius
1230 2599 1348 2642 tales
1380 2597 1692 2655 reperiuntur.
1755 2600 1820 2651 (et
1851 2596 1906 2643 fit
1935 2621 1992 2631 --
2020 2611 2153 2654 repe·

325 2658 510 2703 riuntur
543 2661 584 2703 A
624 2675 706 2703 om.
738 2661 808 2714 B).

501 2738 572 2782 74.
633 2737 786 2782 Rufin.
822 2752 984 2782 comm.
1027 2737 1075 2781 in
1107 2740 1241 2781 metr.
1274 2736 1459 2781 Terent.
1493 2752 1536 2793 p.
1559 2735 1675 2780 2706
1691 2735 1741 2780 P.
1775 2734 1862 2779 378
1875 2734 1952 2779 Gn:
1997 2732 2148 2778 Varro

325 2797 584 2901 (ὲθθὲὶὲξιια
629 2798 776 2843 latina
816 2798 876 2843 ad
914 2797 1187 2842 Marcellum
1232 2795 1322 2841 sic:
1368 2809 1549 2852 quare
1596 2795 1654 2838 in
1695 2828 1705 2838 .
1737 2825 1792 2839 ..
1834 2792 2149 2881 popularis

328 3020 387 3074 et,
424 3017 523 3065 nisi
556 3015 686 3077 quod
722 3013 1003 3063 hexametro
1039 3028 1134 3075 pro
1168 3012 1374 3059 iambico
1416 3012 1476 3061 el.
1513 3012 1676 3060 Diem.
1708 3010 1894 3071 p 512,
1922 3011 1956 3059 4
1991 3024 2152 3060 corre-

326 3088 412 3143 xit,
435 3085 731 3134 Ritsekelius
765 3087 948 3144 quaest.
976 3097 1116 3132 uarr.
1145 3098 1194 3142 p.
1213 3084 1296 3131 35.
1335 3083 1558 3130 lacunam
1588 3081 1828 3129 indicauit
1844 3079 2039 3130 Keiliue
2077 3081 2157 3129 eui

326 3155 626 3205 intercidisse
674 3154 904 3205 uidentur
957 3152 1195 3213 quaedam
1234 3153 1407 3212 quibus
1447 3152 1718 3198 trimetrum
1752 3149 1951 3197 heroum
1973 3162 2043 3196 <em
2074 3162 2154 3195 su-

325 3225 520 3284 periore
551 3227 697 3283 perte
733 3224 999 3271 hexametri
1036 3223 1087 3269 in
1123 3222 1292 3280 epodis
1327 3218 1553 3282 coniunqi
1589 3234 1694 3266 eum
1734 3218 1938 3268 iambico
1976 3218 2155 3267 dicim

324 3292 437 3351 fuit,
482 3293 541 3341 de
577 3307 674 3352 qua
709 3306 763 3340 re
798 3291 922 3339 dixit
950 3292 1111 3339 Diem.
1128 3306 1183 3350 ρ.
1207 3293 1326 3347 502,
1349 3284 1483 3353 3115
1523 3288 1581 3335 cte
1619 3287 1758 3335 codd.
1794 3285 1896 3333 uid.
1935 3286 2050 3333 adn.
2089 3285 2155 3334 ad

328 3361 396 3420 fr.
430 3364 497 3410 67
534 3364 587 3409 at
622 3360 671 3409 A
705 3363 791 3408 aut
828 3360 878 3408 Β
899 3354 924 3423 ΙΙ
951 3361 979 3407 6
1017 3359 1106 3406 fiat
1142 3358 1243 3406 AB
1267 3354 1290 3421 ΙΙ
1312 3358 1419 3405 heri
1454 3353 1510 3419 (h
1543 3359 1597 3404 in
1627 3349 1828 3415 rasura)
1870 3355 1921 3402 B
1962 3355 2152 3402 Terent.

329 3431 462 3479 Eun.
481 3430 587 3478 III
598 3433 644 3487 4,
682 3435 711 3478 1
734 3432 758 3487 Η
782 3428 982 3492 aliquod
998 3428 1100 3477 AB
1123 3424 1147 3492 ΙΙ
1172 3430 1202 3475 8
1238 3432 1404 3476 notam
1442 3427 1493 3473 ·I·
1530 3429 1859 3472 transuersam
1892 3422 1942 3471 A
1989 3424 2155 3470 notam

330 3502 380 3549 et
429 3503 766 3548 transuersum
796 3514 930 3561 corr,
960 3499 1044 3548 alt.
1083 3514 1145 3548 m.
1182 3501 1237 3547 in
1269 3502 1436 3547 notam
1468 3495 1491 3542 I
1526 3498 1831 3543 tranuersam
1871 3493 1922 3543 B
1944 3493 1970 3549 ΙΙ
2004 3493 2035 3540 9
2073 3490 2155 3540 sil-

328 3566 467 3616 labas
503 3567 552 3617 A
574 3563 599 3634 Η
621 3583 822 3617 uorsum
843 3568 894 3616 B
916 3563 940 3632 ΙΙ
2130 3591 2131 3594 “
