2294 4062
958 317 1022 366 3¹6

74 486 179 539 que
223 467 663 539 conparatiuaet
697 466 1034 533 diminutiua‚
1089 472 1150 517 ut
1203 483 1323 518 cum
1364 464 1640 518 Prisciano
1696 463 1903 530 loquar,

73 557 486 630 conprehendit.
525 557 599 611 ibi
640 557 991 629 conparatiua
1028 562 1082 608 ct
1117 555 1173 607 in
1211 555 1382 608 maius
1414 562 1467 606 et
1495 554 1552 606 in
1582 554 1760 606 minus
1783 551 1903 604 fieri

76 647 233 717 dixit,
274 647 603 718 generisque
640 647 862 700 alterius
889 647 976 715 (fr.
996 645 1086 714 24)
1110 646 1363 717 exempla
1393 652 1620 700 inuenior
1653 664 1751 697 non
1786 651 1907 696 satis

70 745 276 802 &menia
317 746 478 792 senior
512 758 610 791 mm
643 745 765 791 sabis
801 758 946 792 senex
981 737 1178 809 posuit.

237 828 326 883 De
358 828 546 882 libro
585 827 1016 896 duodecimO,
1053 845 1174 880 cum
1198 833 1416 897 praeter
1441 845 1608 878 unum
1630 826 1902 895 fragmen-

73 924 186 972 tum
205 919 431 973 fortasse
450 918 578 972 inde
596 925 871 991 sumptum
886 917 976 987 (fr.
991 918 1080 987 27)
1099 918 1236 970 nihil
1255 936 1324 970 ex
1344 935 1409 970 eo
1434 923 1705 969 seruatum
1725 915 1811 984 sit,
1832 922 1904 967 ta-

74 1022 199 1062 cere
218 1028 379 1078 quam
398 1009 652 1062 hariolari
673 1009 830 1062 malo.
863 1009 1217 1081 suspitionem
1238 1026 1371 1060 uero
1394 1007 1662 1078 quandam
1683 1012 1904 1059 mouent

72 1098 356 1156 Diomedis
398 1100 474 1170 (p.
497 1099 615 1168 371,
640 1099 730 1167 23)
773 1101 940 1152 uerba
978 1106 1228 1170 corrupta
1267 1098 1358 1166 (fr.
1383 1098 1494 1167 26),
1534 1099 1591 1151 in
1633 1116 1694 1151 eo
1728 1097 1900 1168 capite

73 1189 464 1244 conscribendo
516 1189 782 1242 Varronis
841 1188 1141 1241 doctrinam
1197 1206 1309 1241 non
1365 1188 1672 1257 neglectam
1720 1187 1902 1242 fuisse.

74 1298 198 1334 eum
236 1287 416 1333 autem
459 1297 596 1351 quae
633 1297 703 1332 ex
740 1279 853 1332 eius
890 1279 1029 1331 libro
1067 1286 1278 1350 sumpta
1320 1280 1427 1332 sint
1468 1279 1768 1332 accuratius
1808 1279 1904 1331 cir-

73 1369 437 1423 cumscribere
495 1388 606 1423 non
665 1369 972 1439 contigerit,
1026 1369 1131 1421 hoc
1192 1369 1516 1421 breuissime
1573 1368 1774 1421 monito
1834 1369 1901 1421 ad

72 1461 334 1515 librum
364 1460 707 1514 ‘decimum
746 1459 1036 1513 tertium
1072 1468 1308 1513 transeo,
1367 1457 1370 1459 ’

238 1551 519 1624 Perpauca
566 1551 634 1604 de
672 1551 1117 1622 poeticorum
1162 1551 1677 1604 uocabulorum
1733 1550 1904 1621 expli-

72 1642 284 1696 catione
324 1643 539 1696 seimus,
573 1643 631 1695 in
666 1641 825 1695 Nelei
868 1642 1105 1695 carmine
1146 1649 1199 1693 et
1235 1641 1359 1694 Liui
1389 1641 1628 1712 Odyssia
1666 1642 1899 1713 puellam

66 1752 230 1800 puer-a
263 1733 459 1786 dictam
495 1751 619 1786 esse
655 1734 828 1787 uoluit
849 1733 934 1803 (fr.
962 1733 1072 1802 28),
1103 1733 1197 1786 ubi
1217 1733 1414 1786 Aelius
1435 1732 1574 1788 Stilo
1613 1754 1741 1799 puer
1777 1733 1902 1785 reti-

73 1825 206 1894 nuit,
244 1824 312 1878 in·
341 1842 448 1894 quo
484 1825 769 1894 analogiae
807 1824 1045 1885 studium
1079 1824 1250 1876 uideS.
1273 1824 1540 1876 Varronis
1577 1824 1899 1877 sententiam

73 1915 326 1987 pmbauit
344 1914 635 1971 Suetonius
657 1915 752 1984 (cf.
770 1917 842 1969 A.
859 1915 1256 1969 Reifferscheid
1283 1923 1487 1984 quaest.
1509 1915 1659 1970 Suet.
1680 1935 1734 1987 p.
1760 1915 1903 1981 465),

68 2007 397 2060 unfortasse
432 2008 628 2060 bonam
668 2014 875 2078 partem
915 2007 1291 2078 exemplorum
1331 2006 1524 2073 (Prisc.
1547 2005 1793 2076 Ip.231)
1835 2007 1902 2059 de

71 2097 254 2151 uerbis
292 2097 510 2169 puellus
548 2115 748 2168 pucrus
781 2115 919 2169 puer
953 2112 1122 2170 puera
1159 2097 1510 2167 prolatorum,
1552 2117 1673 2150 cum
1702 2098 1903 2169 optime

71 2186 177 2240 huc
220 2187 503 2256 quadrent,
538 2207 568 2239 a
595 2186 670 2240 M.
691 2187 949 2240 Terentio
990 2187 1274 2258 acceperit.
1348 2187 1641 2240 Mulierum
1681 2188 1900 2241 nomina

71 2293 268 2347 gmeoa
305 2296 398 2330 —on
435 2278 722 2331 terminata
761 2285 823 2330 ut
861 2278 1130 2330 Leontion
1170 2277 1444 2347 Chrysion
1492 2278 1628 2330 mire
1666 2278 1899 2331 traditur

73 2366 277 2437 (fn29)
301 2367 359 2420 in
391 2368 628 2421 ablatiuo
659 2375 712 2420 et
742 2368 923 2421 datiuo
957 2376 1165 2421 tantum
1198 2387 1320 2422 eum
1343 2368 1618 2421 declinare
1645 2369 1901 2438 uoluisse,

74 2457 220 2527 quod
266 2475 366 2528 per
413 2476 471 2512 se
517 2459 765 2531 ineptum
811 2467 906 2513 est.
982 2460 1163 2512 nescio
1218 2479 1287 2512 an
1335 2460 1514 2530 potius
1565 2459 1897 2530 exposuerit,

71 2548 407 2619 genetiuum,
441 2568 563 2602 nam
601 2550 796 2620 reliqui
837 2548 1358 2603 casusnominatiuo
1399 2550 1602 2602 similes
1642 2558 1812 2619 erant,
1846 2551 1903 2601 in

72 2639 364 2693 comoediis
416 2640 672 2694 usitatum
718 2660 830 2693 non
876 2641 1066 2708 fuisse3
1131 2653 1289 2710 quam
1331 2641 1766 2694 obseruationem
1807 2659 1900 2693 ex-

70 2738 348 2802 cerptores
403 2733 684 2785 obscuram
737 2734 1005 2799 fecerunt,
1060 2739 1119 2783 ut
1155 2731 1406 2784 assolent.
1486 2740 1538 2784 et
1577 2750 1636 2784 re
1673 2750 1805 2784 uera
1846 2731 1900 2783 in

70 2820 249 2875 Plauti
285 2821 618 2894 Ter-entique
650 2823 948 2876 comoediis
989 2822 1125 2874 tales
1163 2822 1411 2892 genetiui
1459 2842 1585 2892 non,
1640 2830 1899 2895 quantum

71 2930 176 2985 ego
208 2915 431 2985 quidem
469 2915 634 2968 sciam
657 2916 714 2982 ¹),
752 2923 1060 2968 occurrunt.
1139 2914 1434 2967 Praeterea
1485 2915 1759 2985 pahpetras
1800 2932 1898 2985 pro

72 3005 346 3080 palpebris
380 3006 626 3079 posuisse
670 3003 869 3059 dicitur
908 3005 997 3074 (fr.
1016 3005 1127 3074 30),
1166 3006 1357 3058 eodem
1400 3005 1516 3059 sine
1558 3005 1719 3058 dubio
1760 3005 1897 3057 ueri-

70 3092 252 3169 loquio
290 3115 419 3151 usus
458 3115 562 3167 quo
594 3096 921 3165 LactantiuS‚
962 3095 1051 3167 qui
1088 3096 1267 3167 ipsum
1307 3096 1549 3165 sequitur
1591 3096 1684 3163 (de
1722 3095 1900 3166 opilio.

235 3314 292 3369 -1)
325 3313 428 3358 Vno
457 3313 611 3357 Plauti
643 3313 753 3368 (mil.
773 3314 832 3370 gl.
853 3312 956 3368 271)
989 3313 1090 3356 loco
1126 3312 1175 3356 in
1207 3312 1367 3356 codice
1401 3312 1707 3355 Ambrosiano
1739 3313 1899 3354 Philo-

73 3397 263 3437 comau'i
304 3403 452 3438 custos
490 3393 676 3449 legitur,
720 3393 798 3436 ubi
843 3396 999 3435 tamen
1050 3391 1327 3436 Ritschelius
1379 3394 1707 3434 Philocomasio
1754 3399 1900 3433 custos

9 3524 22 3534 ,Δ
74 3470 149 3524 (eff.
181 3470 312 3528 1481)
338 3487 446 3518 eum
477 3473 666 3529 reliquis
697 3472 828 3516 libris
859 3472 1046 3527 maluit3
1100 3464 1233 3528 quem
1278 3472 1428 3515 locum
1471 3470 1581 3512 mihi
1621 3468 1901 3525 significauit

73 3550 264 3599 Carolus
295 3551 657 3610 Zangemeister.
