2236 4030
1262 340 1324 386 18

358 487 584 539 uerbum
636 491 854 556 praeter
895 485 1222 539 Martianum
1259 485 1542 557 Capellam
1584 492 1637 538 et
1673 485 1981 541 Arnobium
2026 506 2187 542 nemo

357 575 603 629 adhibuit
639 575 786 645 (nam
806 575 1219 648 Pseudo-Apul.
1246 575 1312 628 de
1352 575 1534 647 dogm.
1557 576 1695 630 Plat.
1719 576 1806 630 ΠΙ
1823 595 1875 648 p.
1899 577 2002 631 262
2025 577 2178 633 Hild.

358 665 496 718 nihil
529 665 634 720 nisi
651 665 956 720 Varronem
990 666 1064 719 ita
1088 665 1291 719 dixisse
1315 666 1526 734 refert),
1560 665 1644 719 his
1680 667 2016 737 argumentis
2060 687 2187 723 con-

358 755 557 809 iunctis
597 755 852 824 adducor,
887 765 947 809 ut
986 775 1074 810 eas
1111 755 1284 808 libelli
1323 754 1474 808 istius
1518 757 1830 826 particulaS,
1868 775 2004 826 quae
2033 758 2187 829 inge-

359 846 508 899 nium
544 846 945 900 Varronianum
986 845 1236 918 prodant,
1273 845 1341 898 ad
1375 845 1544 899 libros
1585 846 1654 899 de
1689 846 1877 917 lingua
1906 847 2073 902 latina
2105 867 2186 902 re-

361 936 544 989 feram.
597 936 691 988 Ad
723 935 980 1006 syntaxin
1018 934 1407 988 inlustrandam
1443 954 1553 988 non
1588 936 1815 990 multum
1855 936 1983 990 inde
2017 937 2189 992 lucra—

361 1044 499 1095 mur,
536 1045 660 1078 nam
696 1044 866 1097 pauca
905 1033 1115 1079 tantum
1154 1025 1221 1078 de
1248 1026 1431 1078 uerbis
1469 1033 1523 1078 et
1545 1027 1828 1081 sententiis
1855 1027 2189 1099 simplicibus

364 1116 776 1185 coniunctisque
817 1115 887 1168 ad
922 1115 1240 1169 firmandam
1277 1115 1688 1186 dispositionem
1727 1137 1878 1171 suam
1915 1119 2189 1191 praefatus

364 1215 460 1261 est.
497 1207 656 1280 plura
698 1207 764 1260 de
804 1206 1139 1278 etymologia
1176 1207 1429 1261 discimus
1462 1207 1528 1260 de
1555 1228 1659 1279 qua
1682 1208 1824 1262 infra
1847 1208 2037 1263 dicam.
2077 1208 2190 1266 Sed

336 1298 452 1352 ·hic
503 1297 660 1350 facile
711 1297 906 1367 aliquis
959 1297 1172 1366 obiciat,
1223 1317 1290 1351 ne
1345 1298 1702 1353 confidentius
1751 1299 2006 1369 loquere!
2067 1319 2189 1354 cum

366 1388 509 1441 enim
540 1388 836 1442 Martianus
861 1388 1087 1459 Capella
1123 1388 1240 1441 IIII
1260 1389 1360 1442 338
1382 1389 1564 1462 Kopp.
1601 1410 1654 1462 p.
1678 1390 1743 1443 97
1767 1389 1923 1446 Grot.
1962 1409 2073 1444 non
2111 1411 2191 1445 so-

364 1480 478 1532 lum
519 1479 746 1532 eandem
787 1479 952 1532 totius
992 1479 1298 1549 argumenti
1350 1479 1762 1550 dispositionem
1807 1489 1966 1552 atque
2003 1481 2193 1554 Augu-

367 1572 536 1624 stinus
565 1575 702 1641 (cap.
724 1569 869 1640 IIII)
894 1571 1107 1637 habeat,
1147 1571 1244 1623 sed
1279 1570 1440 1623 etiam
1475 1571 1531 1623 in
1571 1571 1685 1625 eius
1726 1572 2090 1644 disputatione
2127 1572 2195 1626 de

366 1662 549 1716 uerbis
587 1662 901 1731 aequiuocis
940 1669 993 1713 et
1028 1661 1275 1715 uniuocis
1315 1662 1506 1715 eadem
1536 1681 1859 1734 quamquam
1881 1664 2051 1717 multo
2075 1663 2196 1717 bre-

368 1753 486 1807 uius
521 1754 793 1824 legantur,
832 1771 967 1823 quae
999 1754 1343 1823 Augustinus
1379 1755 1664 1824 profert‚¹)
1697 1762 1982 1826 praeterea
2017 1763 2195 1808 autem

372 1853 426 1897 et
452 1845 597 1897 hunc
618 1845 710 1911 (de
736 1844 850 1897 ord.
869 1844 927 1897 Π
954 1844 1032 1908 12,
1056 1845 1124 1897 35
1146 1852 1273 1897 tom.
1301 1844 1433 1915 Hp.
1451 1845 1554 1898 415
1575 1847 1644 1901 cf.
1666 1846 1730 1900 F.
1751 1845 1964 1900 Ritschl
1990 1855 2194 1918 quaest.

368 1955 511 1990 uarr.
534 1955 584 2007 p.
609 1934 663 2003 7)
701 1943 754 1987 et
787 1934 943 1987 illum
974 1934 1116 2002 (IIII
1138 1934 1240 1988 335
1275 1954 1326 2006 p.
1349 1935 1415 1987 97
1454 1937 1525 1988 cf.
1553 1934 1614 1990 C.
1636 1936 1700 1990 F.
1723 1936 2006 1990 Hermann
2028 1936 2196 2007 praef.

371 2027 455 2082 ed.
492 2025 675 2098 Kopp.
714 2045 765 2097 p.
790 2024 916 2079 XX.
954 2024 1164 2079 Ritschl
1199 2025 1302 2078 1.1.1
1325 2045 1376 2096 p.
1398 2025 1453 2091 5)
1483 2026 1745 2080 Varronis
1784 2026 2198 2099 disciplinarum

369 2117 521 2170 libris
561 2136 719 2170 usum
773 2134 889 2169 esse
937 2123 1161 2183 constet,
1211 2134 1392 2169 nonne
1445 2117 1614 2170 multo
1661 2117 1782 2170 ueri
1832 2125 1914 2170 est
1951 2117 2198 2186 similiuS,

369 2207 464 2260 illa
502 2225 530 2259 e
568 2208 707 2260 libro
747 2206 1156 2278 disciplinarum
1190 2205 1258 2259 de
1286 2206 1567 2260 dialectica
1594 2207 1835 2277 fluxisse,
1869 2208 1925 2262 in
1948 2226 2052 2280 quo
2076 2207 2199 2261 stoi-

372 2318 559 2352 corum
597 2299 793 2372 placita
828 2317 939 2352 non
988 2299 1241 2368 neglecta
1278 2316 1398 2351 esse
1434 2298 1723 2352 uideantur
1743 2298 1827 2369 ²)‘?
1868 2316 2047 2369 neque
2084 2298 2199 2352 sine

369 2432 431 2439 .---⁴

539 2522 585 2577 1)
616 2522 812 2579 August.
831 2523 860 2566 l.
881 2524 911 2566 1.
945 2538 988 2580 p.
1009 2523 1139 2567 48E:
1172 2527 1242 2567 ‘ea
1260 2538 1389 2579 -quae
1422 2537 1514 2566 una
1544 2502 1755 2566 definitio
1782 2523 1938 2578 potest
1965 2519 2201 2565 includere

371 2602 568 2646 uniuoca
598 2606 852 2647 uocantur:
895 2603 1019 2647 illius
1054 2607 1224 2657 autem,
1265 2616 1380 2659 quae
1425 2603 1509 2646 sub
1551 2616 1642 2646 uno
1683 2601 1868 2645 nomine
1911 2613 2099 2645 necesse
2131 2603 2202 2644 est

372 2681 564 2726 definire
596 2683 793 2738 diuerse‚
824 2684 1065 2740 aequiuoci
1095 2698 1263 2728 nomen
1283 2683 1382 2727 est'.
1410 2698 1456 2740 p.
1477 2682 1602 2726 490:
1636 2682 1765 2726 ‘haec
1794 2683 1902 2725 sunt
1932 2680 2078 2738 igitur
2103 2679 2202 2724 uni-

372 2776 503 2816 uoca,
536 2776 650 2819 quae
679 2778 772 2807 non
812 2765 958 2808 solum
990 2764 1177 2808 nomine
1210 2777 1317 2819 uno,
1358 2762 1439 2806 sed
1469 2776 1560 2806 una
1590 2761 1730 2805 etiam
1761 2760 1982 2814 eiusdem⁴
2002 2746 2201 2804 nominis

374 2840 643 2886 definitione
675 2844 968 2899 clauduntur,
1004 2842 1212 2900 quamuis
1247 2845 1295 2886 et
1337 2842 1462 2886 inter
1506 2855 1554 2884 se
1598 2840 1800 2898 propriis
1845 2839 2110 2884 nominibus
2156 2841 2203 2884 et

374 2920 722 2967 definitionibus
763 2925 988 2982 distingui
1019 2922 1243 2981 possunt)
1305 2922 1442 2965 Mart.
1489 2921 1672 2978 Capella
1705 2920 1795 2964 IIII
1819 2919 1908 2964 355
1948 2935 1992 2978 p.
2022 2918 2109 2964 103
2137 2933 2202 2975 sq.

375 3003 693 3059 ‘aequiuocum
724 3008 794 3048 est
832 3005 1014 3061 quando
1044 3004 1294 3048 multarum
1325 3017 1482 3046 rerum
1511 3016 1651 3045 unum
1682 3004 1755 3044 est
1782 3015 1966 3055 nomen,
2001 3000 2083 3044 sed
2111 3014 2205 3044 non

375 3083 537 3127 eadem
568 3084 792 3140 definitio,
823 3090 875 3129 ut
903 3087 976 3130 leo
1013 3118 1020 3126 .
1049 3122 1056 3131 .
1081 3121 1121 3132 ..
1155 3086 1402 3129 uniuocum
1443 3088 1528 3140 est,
1560 3083 1742 3140 quando
1779 3083 1974 3128 duarum
2001 3082 2077 3126 uel
2106 3081 2203 3138 plu-

374 3164 494 3208 rium
529 3179 685 3208 rerum
714 3181 853 3209 unum
886 3180 1053 3210 nomen
1086 3170 1158 3209 est
1187 3169 1235 3209 et
1266 3164 1503 3209 definitio.⁷

541 3244 588 3299 2)
624 3245 882 3290 Cassiodor.
913 3246 969 3289 de
1003 3246 1140 3289 artib.
1179 3248 1226 3288 et
1257 3244 1435 3301 discipl.
1457 3243 1589 3288 liber.
1608 3258 1653 3300 p.
1673 3242 1784 3287 536b
1823 3243 1986 3288 Garet:
2021 3242 2204 3286 ‘dialec-

374 3326 516 3372 ticam
548 3341 660 3370 uero
693 3330 740 3370 et
774 3327 1055 3370 rhetoricam
1085 3327 1233 3370 Varro
1274 3326 1323 3370 in
1361 3340 1529 3370 nouem
1567 3323 1918 3381 disciplinarum
1957 3323 2088 3367 libris
2119 3322 2203 3366 tali

375 3407 674 3451 similitudine
720 3406 950 3451 defininit:
985 3407 1228 3451 dialectica
1262 3410 1308 3450 et
1341 3406 1576 3450 rhetorica
1605 3408 1676 3449 est
1707 3404 1830 3461 quod
1867 3403 1917 3448 in
1956 3417 2094 3447 manu
2125 3402 2203 3447 ho·

374 3487 511 3530 minis
541 3503 726 3545 pugnus
759 3487 1011 3533 adstrictus
1045 3491 1092 3531 et
1122 3487 1275 3544 palma
1310 3487 1528 3542 distensa,
1560 3486 1639 3529 illa
1671 3484 1806 3529 breui
1836 3483 2047 3528 oratione
2069 3497 2202 3541 argu-

376 3571 534 3610 menta
566 3569 861 3624 concludens,
890 3568 982 3613 ista
1007 3567 1250 3613 facundiae
1276 3582 1463 3626 compos
1484 3566 1674 3624 copioso
1694 3579 1908 3611 sermone
1928 3564 2204 3617 discurrens,
