2372 4082
1179 339 1277 389 189

316 487 464 561 quod
506 507 718 543 sursum
755 494 842 543 est
877 494 1001 540 ante
1040 484 1233 541 eodem
1271 483 1463 541 uenire
1495 502 1655 555 qnam
1685 482 1959 551 deorsum,
1989 500 2155 552 quare

315 580 597 649 utriusque
638 579 936 650 compitum
976 575 1215 631 medium
1249 593 1385 630 esse.
1454 582 1509 627 et
1547 574 1719 627 multa
1754 581 2040 646 praeterea
2079 574 2156 627 la-

304 669 422 726 tius
459 669 517 726 in
554 688 683 727 eam,
706 682 823 722 rem
857 668 1132 741 disputata
1163 667 1394 739 profert,
1451 682 1590 734 quae
1627 683 1776 718 nunc
1808 665 1966 718 nobis
2003 665 2155 721 loeus

315 779 430 818 non
465 768 548 814 est
583 760 800 817 iterare.
891 759 1048 812 scire
1071 758 1219 818 enim
1257 765 1476 831 oportet
1507 757 1733 816 rationis
1769 757 1930 811 huius
1963 775 2155 812 recens

258 858 429 907 5-non
469 861 604 910 essc'
628 857 1010 919 commentum,
1051 849 1147 903 sed
1184 849 1443 918 omnium,
1478 848 1573 919 qui
1611 855 1737 902 ante
1757 848 2067 907 Varronem
2104 856 2160 902 et

302 942 727 1012 'Tyrannionem
761 942 828 994 de
861 941 1116 1013 prosodia
1165 925 1371 1010 aliquid
1406 940 1764 1011 reliquerunt,
1803 941 2065 1013 plurimos
2104 950 2159 995 et

315 1032 643 1090 clarissimos
683 1049 926 1102 quosque
966 1032 1177 1085 mediae
1216 1032 1378 1085 huius
1411 1030 1610 1085 fecisse
1645 1031 1998 1101 mentionem,
2019 1050 2153 1104 quos

309 1132 504 1181 *omnes
547 1123 652 1179 sibi
690 1123 860 1176 fuisse
898 1131 1148 1177 auctores
1174 1123 1352 1176 Varro
1392 1129 1796 1177 commemorat:
1838 1123 2151 1195 grammati-

307 1234 408 1271 1003
435 1212 722 1289 :Glaucum
762 1213 1006 1268 Samium
1046 1222 1099 1267 et
1122 1214 1523 1268 Hermocraten
1546 1213 1774 1283 Iasium3
1816 1214 1947 1267 item
1981 1215 2157 1287 philo-

227 1306 546 1377 10·so'p·hum
585 1305 1023 1376 Theophrastum
1063 1305 1482 1376 peripateticum
1537 1306 1621 1358 cui
1676 1306 1860 1360 diuina
1901 1307 2156 1362 facundia

313 1414 513 1450 nomen
565 1396 812 1466 adsciuit,
868 1415 972 1449 nec
1019 1415 1129 1450 non
1183 1396 1427 1449 eiusdem
1481 1405 1663 1454 sectae
1712 1398 2155 1467 Athenodorum,

299 1487 512 1552 &immi
550 1487 815 1543 acu-minis
856 1487 1052 1557 uirum,
1095 1488 1188 1558 qui
1210 1488 1483 1559 quandam
1521 1489 1835 1559 prosodiam
1871 1488 2155 1554 μονότονον

303 1579 575 1652 appella&
608 1579 1004 1651 quae‘uidetur
1042 1598 1153 1634 non
1187 1579 1290 1632 alia
1328 1597 1447 1633 esse
1488 1588 1647 1651 quam
1690 1579 1886 1650 media,
1908 1580 2038 1635 licet
2076 1581 2152 1635 di-

311 1678 472 1724 uerso
510 1671 792 1725 uocabulo.
1392 1664 1399 1670 ’

225 1770 365 1815 1510⁴
471 1761 602 1819 Nem
646 1761 860 1831 desunt,
925 1761 1017 1833 qui
1074 1761 1357 1834 prosodias
1408 1763 1595 1834 plures
1640 1781 1759 1818 esse
1812 1781 1971 1832 quam
2030 1783 2156 1836 qua-

314 1860 436 1906 tuor
490 1853 819 1925 putauerint.
913 1860 972 1905 ut
1030 1853 1272 1908 Glaucus
1333 1853 1546 1909 Samius
1559 1897 1575 1921 ,
1629 1874 1660 1908 a
1717 1871 1821 1924 quo
1879 1873 1978 1909 sex
2035 1874 2157 1926 pro-

306 1942 506 1999 sodiae
558 1943 872 2017 propositae
932 1951 1059 1998 sunt
1117 1946 1216 1998 sub
1274 1945 1428 1998 hisce
1488 1945 1836 1999 nominibus:
1894 1943 2155 2010 ἀνειμένη,

313 2036 477 2108 μέση,
516 2032 878 2102 ἒπιτεταμένη,
933 2034 1278 2101 κεκλασμένη,
1336 2033 1795 2104 ἀντανακλωμένη,
1840 2034 1983 2103 νήτη.
2057 2036 2156 2088 sed

314 2123 404 2178 hie
459 2143 674 2197 quoque
724 2144 835 2180 non
893 2126 1144 2180 dissentit
1192 2147 1222 2178 a
1269 2126 1444 2180 nobis.
1531 2146 1658 2182 nam
1697 2127 1870 2184 cuiuis
1912 2145 1982 2180 ex
2022 2126 2152 2199 ipsis

314 2256 451 2314 q'ua'm
481 2250 608 2314 alius,
642 2272 736 2303 non
780 2273 911 2303 secus
949 2262 1087 2315 atque
1124 2259 1173 2301 in
1212 2259 1383 2303 litteris
1431 2259 1599 2303 euenit.
1678 2259 1813 2304 nobis
1858 2261 1915 2304 de
1960 2262 2154 2304 accentu

314 2321 504 2363 dicturis
560 2336 647 2363 non
695 2318 940 2375 longitudo
989 2319 1235 2362 tractanda
1285 2322 1380 2375 est,
1439 2337 1595 2363 uerum
1649 2322 1864 2375 (accentu
1918 2319 2152 2377 longirido

296 2392 611 2437 tractandum
657 2395 730 2436 est
773 2404 832 2435 ue
866 2392 977 2449 cod.)
1008 2392 1231 2448 altidudo,
1264 2406 1380 2449 quae
1411 2396 1568 2437 tamen
1596 2393 1774 2449 liquido
1807 2394 2027 2452 cognosci
2060 2410 2155 2439 non

313 2467 487 2520 potest,
521 2466 613 2510 nisi
641 2466 945 2523 longitudinis
978 2480 1160 2522 quoque
1197 2465 1318 2509 ratio
1350 2466 1590 2510 habeatur.
1629 2466 1677 2508 in
1713 2466 1809 2510 eius
1843 2466 1967 2510 enim
1999 2468 2152 2523 aliqua

315 2527 451 2580 parte
483 2538 582 2569 esse
615 2525 756 2569 debet
789 2527 838 2570 id
867 2526 992 2582 quod
1023 2526 1298 2569 altissimum
1317 2529 1401 2569 est.
1437 2525 1636 2582 denique
1654 2540 1758 2570 cum
1787 2527 1983 2570 uerbum
2012 2542 2153 2571 enun-

314 2583 475 2640 tietur,
525 2585 680 2640 aliqua
721 2586 770 2629 in
809 2600 863 2628 eo
906 2586 1081 2640 syllaba
1111 2599 1325 2629 necessse
1364 2588 1436 2628 est
1461 2600 1688 2629 summum
1721 2586 1836 2629 illud
1863 2586 1994 2630 uocis
2023 2586 2152 2630 fasti·

299 2642 451 2699 *ginm
482 2645 734 2700 possideat,
764 2645 845 2689 sed
883 2659 997 2700 quae
1029 2645 1323 2701 potissimum
1355 2644 1428 2699 sit,
1472 2659 1526 2689 ea
1567 2647 1819 2689 monstrari
1845 2660 1940 2689 non
1978 2650 2151 2703 potest,

311 2701 402 2745 nisi
432 2716 518 2759 per
547 2708 811 2761 temporum
845 2705 1182 2760 syllabarumue
1215 2719 1474 2760 numerum,
1508 2705 1586 2761 qui
1617 2705 1809 2762 proprie
1847 2705 2153 2762 longitudinis

439 2809 692 2878 ,lneodem
727 2810 897 2857 uenire
945 2810 1070 2859 Weil
1102 2813 1147 2858 et
1185 2810 1415 2858 Benloew
1450 2810 1482 2858 l.
1503 2826 1542 2859 s.
1594 2827 1650 2858 eo
1691 2811 1921 2859 deuenire
1958 2812 2092 2860 LW
2122 2807 2151 2870 ΙΙ

316 2890 468 2939 quare
502 2880 764 2942 utriusque
797 2880 847 2927 L
900 2881 1215 2942 quantumuis
1266 2881 1330 2929 W
1362 2881 1386 2937 Η
1422 2883 1450 2927 2
1506 2885 1556 2927 et
1591 2882 1749 2928 multa
1785 2907 1848 2916 —-—
1893 2885 1920 2929 6
1964 2882 2152 2944 aliquid

312 2947 641 3011 reliquerunt]
680 2965 771 2998 om.
787 2951 857 2998 W
871 2950 894 3006 11
922 2951 949 2996 3
991 2950 1294 3014 disputatam
1326 2950 1375 2998 L
1407 2953 1430 3009 ΙΙ
1471 2952 1632 2998 locum
1669 2955 1744 2999 est
1779 2954 1992 3000 iterarae
2027 2953 2076 2999 L
2122 2949 2150 3012 ΙΙ

298 3017 347 3064 ῑὸ
374 3016 660 3067 wialan-onem
697 3035 823 3069 corr.
861 3022 916 3068 in
952 3020 1219 3068 Varronem
1256 3021 1305 3068 L
1342 3023 1367 3081 Η
1407 3023 1436 3068 6
1485 3022 1826 3085 relinquerunt
1865 3025 1914 3071 L
1953 3023 1976 3078 11
2020 3022 2152 3069 Haec

312 3087 486 3148 Vane,
527 3090 613 3152 qui
647 3090 885 3152 plurimos
929 3086 1038 3154 Wss
1064 3092 1092 3137 7
1136 3108 1331 3154 quoque
1368 3092 1417 3140 L
1453 3093 1476 3150 ΙΙ
1510 3092 1655 3139 huius
1694 3093 1786 3140 sibi
1821 3093 1974 3140 fuisse
2013 3096 2152 3139 auto-

297 3165 389 3205 ·aee's
428 3155 773 3207 commemorat
802 3162 910 3218 Wli
936 3164 965 3208 8
999 3161 1148 3209 barro
1186 3177 1313 3210 corr.
1349 3164 1403 3210 in
1442 3162 1595 3209 Varro
1630 3163 1781 3220 L119
1819 3164 2005 3210 ioseum
2044 3162 2092 3210 L
2120 3155 2146 3227 ΙΙ

313 3227 612 3290 philosofum
631 3229 969 3292 theoprastum
990 3232 1039 3278 L
1062 3225 1087 3295 ΙΙ
1115 3235 1171 3278 11
1199 3235 1256 3278 ut
1277 3229 1605 3279 henothorum
1625 3247 1751 3280 corr.
1771 3235 1826 3281 in
1860 3231 2150 3279 athenotho-

299 3299 535 3357 -rum-LM
563 3301 623 3346 12
660 3301 957 3363 prosodoam
973 3316 1102 3350 corr.
1123 3304 1178 3349 in
1210 3302 1494 3363 prosodiam
1514 3303 1563 3349 L
1587 3296 1611 3364 Η
1634 3307 1931 3349 monotonon
1950 3317 2075 3350 corr.
2097 3303 2150 3349 in

310 3368 626 3416 monotomon
650 3371 699 3418 L
721 3371 746 3427 ΙΙ
783 3371 844 3417 15
879 3387 968 3418 nec
1005 3371 1182 3418 desunt
1211 3372 1260 3418 L
1295 3388 1383 3418 nec
1423 3371 1591 3418 deesse
1621 3375 1787 3418 monet
1815 3368 2147 3429 Seruiusin}

300 3432 629 3499 {prosodosias
649 3440 698 3488 L
723 3439 747 3503 Η
774 3442 835 3487 16
877 3440 1154 3503 prosodiae.
1174 3444 1292 3488 sunt
1325 3437 1497 3506 LWss
1525 3443 1586 3487 17
1621 3440 1772 3488 hiisce
1802 3441 1909 3499 Wll
1933 3441 2150 3487 ansimen

296 3503 523 3570 ·him'esip
555 3512 812 3572 petamene
860 3526 1107 3558 cecasmen
1145 3514 1382 3558 antanaca
1417 3510 1682 3573 homenehc
1723 3511 1774 3558 L
1822 3527 1885 3557 an
1919 3509 2146 3557 simenhi-

315 3592 418 3624 mes
434 3578 486 3640 ip
505 3582 794 3640 pentamene
807 3596 1056 3628 cecasmen
1075 3583 1313 3627 antanaca
1333 3579 1601 3630 homeneoh
1614 3581 1683 3629 W
1697 3581 1721 3636 ΙΙ
1749 3583 1809 3628 19
1826 3581 2040 3628 desentit
2052 3580 2099 3628 L
2114 3572 2146 3644 Η
