2222 4056
1162 326 1259 371 116

309 478 482 523 aetate
518 468 701 523 nostra
720 469 1029 534 Palaemon,
1067 461 1158 541 qui
1191 470 1513 522 uocabulum
1548 469 1664 523 siue
1701 471 2119 543 appellationem
2205 440 2222 561 ἶ

300 559 505 613 nomini
542 559 890 613 subiecerunt
927 567 1182 629 tanquam
1219 559 1429 630 species
1467 556 1613 614 eius'.
1652 579 1772 613 cum
1803 561 2121 616 Aristarcho
2212 563 2222 621 L}

302 650 462 718 enim,
507 651 596 721 qui
652 651 859 722 primus
907 651 1144 702 omnium
1195 650 1336 702 hanc
1390 649 1711 703 diuisionem
1759 650 2002 722 protulit,
2053 671 2139 706 ne.

301 749 710 812 praeceptorem
740 740 957 811 quidem
995 760 1148 794 suum
1182 740 1256 794 ita
1293 758 1602 812 conponere
1625 739 1992 808 Quintilianus
2023 761 2116 815 po—

304 831 420 899 tuit,
458 831 561 884 nisi
600 849 660 884 re
699 850 830 884 uera
866 839 989 883 ante
1032 850 1153 884 eum
1193 849 1351 883 nemo
1373 830 1864 885 Latinorumidem
1899 832 2119 886 fecerat.
2217 831 2222 834 ”

303 921 448 990 quod
500 929 677 973 autem
739 920 797 974 in
853 921 1005 973 breui
1057 920 1243 973 talium
1309 920 1635 974 diuisionum
1685 921 2120 993 historia-quam

302 1011 666 1078 Quintilianus
704 1012 740 1063 l.
779 1030 838 1079 3.,
882 1011 1190 1064 Priscianus
1226 1011 1285 1064 II
1318 1012 1397 1079 16,
1435 1012 1465 1065 Ι
1499 1031 1550 1083 p.
1581 1011 1652 1064 54
1678 1029 1778 1081 sq„
1825 1012 2116 1082 Pompeius

300 1102 367 1154 ad
402 1102 545 1157 Don.
583 1120 636 1171 p.
665 1100 732 1154 82
761 1120 836 1170 sq.
874 1101 1091 1170 habent,
1128 1102 1466 1156 Varroniana
1504 1099 1738 1174 partitio
1761 1120 1869 1155 non
1905 1101 2115 1155 conme-

299 1200 555 1262 moratur,
589 1191 647 1243 id
686 1187 882 1244 factum
917 1210 1035 1245 esse
1071 1193 1311 1264 adparet,
1342 1193 1463 1264 quia
1494 1194 1628 1247 haec
1655 1211 1796 1246 noua
1819 1193 2116 1246 etminimc

296 1283 490 1336 usitata
529 1290 660 1353 erat,
706 1282 787 1335 illi
823 1292 1003 1337 autem
1041 1284 1318 1354 generalia
1354 1291 1562 1337 tantum
1597 1293 1651 1337 et
1687 1284 1910 1337 notiora
1931 1301 2116 1356 perse-

297 1380 503 1426 cuntur.
545 1373 627 1427 sin
651 1374 794 1427 hunc
832 1375 1068 1427 fructum
1105 1373 1292 1443 ingeni
1311 1374 1634 1427 Varroniani
1673 1381 2117 1444 contempserunt

300 1465 391 1535 qui
426 1471 549 1536 post
585 1481 706 1517 eum
742 1465 1016 1533 uixerunt,
1049 1465 1106 1517 in
1125 1464 1306 1516 multis
1329 1464 1558 1534 singulis
1597 1473 1969 1519 eum-secutos
1989 1466 2112 1518 esse¹

294 1557 623 1627 posteriores
651 1555 743 1607 uel
764 1555 963 1625 exigua
979 1555 1229 1626 uestigia,
1251 1573 1386 1624 quae
1407 1555 1723 1608 nominatim
1742 1556 1810 1608 ad
1831 1573 1953 1609 eum
1972 1556 2110 1609 refe·>

292 1654 500 1716 rantur,
522 1647 733 1699 docent.
774 1645 840 1697 de
861 1645 1210 1716 grammatica
1230 1645 1399 1716 igitur
1420 1646 1582 1715 idem,
1604 1645 1750 1718 quod
1770 1645 1837 1698 d'e
1861 1645 2115 1699 omnibus

291 1737 591 1808 disciplinis
633 1737 725 1805 (cf.
762 1737 823 1789 L.
863 1736 1132 1789 Mercklin
1171 1736 1359 1808 philol.
1402 1737 1528 1791 IIII
1562 1737 1756 1808 p.427.
1818 1736 1882 1791 F.
1899 1735 2116 1791 Ritsohl

291 1835 495 1897 quaest.
517 1828 674 1881 Varr.
702 1845 754 1897 p.
777 1827 803 1878 1
837 1845 915 1897 sq.
959 1825 1026 1881 Ο.
1047 1826 1182 1879 Iahn
1216 1828 1340 1880 ueb.
1377 1845 1544 1880 roem.
1583 1825 1877 1900 encyclop.'
1903 1827 1964 1880 in
1994 1827 2112 1880 ber.

290 1917 339 1972 d.
380 1918 583 1971 saechS.
624 1935 738 1989 ges.
777 1917 828 1972 d.
866 1917 1007 1970 wiss,
1046 1917 1104 1970 II
1144 1917 1278 1970 1850
1313 1937 1365 1990 p.
1399 1917 1502 1970 272
1537 1920 1638 1988 sq.)
1685 1917 1977 1971 dicendum
2017 1923 2115 1984 est,

292 2008 596 2061 Varronem
632 2025 856 2076 graecas
888 2007 1095 2060 litteras
1123 2014 1439 2060 retractatas
1469 2014 1740 2060 correctas
1762 2005 2112 2077 amplificatas

244 2111 251 2118 ’
295 2106 553 2168 quantum
587 2099 703 2152 fieri
745 2097 918 2170 potuit
956 2117 1078 2151 cum
1119 2098 1325 2150 ciuibus
1362 2097 1472 2150 suis
1516 2097 1954 2166 communicasse,
1986 2115 2114 2166 =quo

291 2180 430 2243 facto
467 2189 759 2262 plurimum
782 2189 837 2242 in
862 2189 1223 2260 posteriorum
1258 2196 1566 2259 temporum
1604 2187 1793 2241 studiis
1834 2187 1948 2241 eius
1989 2205 2112 2240 auc÷

288 2282 473 2334 toritas
513 2281 699 2349 ualuit,
747 2288 808 2333 ut
860 2280 1128 2353 permulta
1165 2279 1221 2333 in
1258 2279 1423 2332 medii
1459 2279 1579 2332 aeui
1619 2276 1886 2332 doctrina·
1919 2277 1987 2330 ab
2046 2292 2112 2329 eo

292 2371 588 2444 repetenda
628 2371 748 2425 sint.

457 2462 779 2516 Absoluisse
817 2462 1121 2515 Varronem
1161 2460 1436 2532 octoginta
1485 2468 1596 2514 tres
1642 2479 1812 2514 annos
1847 2467 2030 2514 natum
2060 2478 2110 2514 a.

287 2554 355 2606 ab
394 2572 447 2607 u.
468 2573 514 2607 c.
535 2551 832 2608 DOOXXI
860 2553 1027 2605 libros
1064 2552 1471 2625 disciplinarum
1490 2552 1816 2606 Ritschelius
1839 2551 1876 2604 l.
1897 2571 1938 2606 s.
1964 2569 2016 2623 p·-
2042 2549 2112 2604 53

290 2645 356 2696 cl.
398 2643 460 2696 L.
481 2643 626 2697 Roth
666 2643 828 2697 leben
865 2642 916 2695 d.
936 2643 1116 2696 Varro
1154 2661 1206 2714 p.
1229 2644 1294 2696 31
1319 2661 1397 2712 sq.
1432 2640 1631 2696 docuit.
1669 2641 1797 2695 hinc
1820 2647 2018 2710 autem,
2052 2646 2112 2693 ut

290 2734 437 2787 illius
472 2735 654 2788 uerbis
691 2742 828 2803 utar,
865 2733 983 2788 fieri
1021 2733 1329 2786 coniectura
1362 2741 1558 2804 potest,
1600 2750 1759 2804 quam
1791 2739 2033 2784 maturae
2058 2737 2111 2782 et

287 2832 540 2896 tanquam
577 2831 975 2877 consummatae
1012 2823 1331 2876 eruditionis
1367 2823 1633 2877 thesauris
1675 2822 1731 2875 hi
1768 2820 2109 2894 potissimum·

286 2915 413 2968 libri
452 2915 639 2968 referti
681 2914 897 2967 fuerint.
1776 2910 1778 2912 ’
