2306 4016
1285 350 1351 395 84

411 494 535 548 inst.
575 500 706 546 orat.
742 492 770 543 I
793 491 842 559 4,
865 491 895 543 6
917 510 995 562 sq.
1034 491 1115 558 11,
1145 492 1294 562 lsq.)
1330 498 1461 542 erat.
1500 490 1633 542 tales
1677 497 1852 543 autem
1890 491 2231 562 quaestiones

410 583 756 654 orthoepicae
795 601 950 650 quam
992 600 1151 652 saepe
1201 582 1270 634 ad
1322 583 1520 633 formas
1559 580 1946 632 uocabulorum
1981 598 2228 651 perscru-

406 674 594 726 tandas
618 680 671 724 et
691 672 1040 742 explicandas
1083 690 1204 724 eum
1245 670 1586 737 deduxerint,
1627 689 1712 722 res
1744 670 1874 742 ipsa
1893 677 1944 723 et
1969 689 2036 723 ex
2054 670 2226 724 tribus

407 763 726 832 fragmentis
765 782 930 815 unum
970 763 1141 814 docet.
1180 759 1543 832 pronuntiatio
1579 761 1635 812 in
1674 779 1803 813 sono
1841 761 2226 814 uocabulorum

405 853 652 920 uertitur,
710 852 791 904 de
825 870 928 920 quo
983 852 1056 903 ita
1111 852 1226 903 fere
1271 851 1573 914 Varronem
1633 850 1835 903 dixisse
1884 850 2227 920 Augustinus

408 943 600 1013 (princ.
637 942 945 994 dialecticae
968 941 1019 991 V
1041 962 1090 1012 p.
1112 942 1179 993 40
1198 941 1244 993 B
1280 940 1364 992 ed.
1391 959 1576 1009 congr.
1597 938 1674 998 ,8.
1694 940 1865 993 Maur.
1902 940 2027 1010 p.-7,
2054 941 2116 992 18
2148 941 2228 992 ed.

410 1031 644 1099 Creceli)
686 1039 911 1084 testatur
967 1030 1050 1082 ‘de
1090 1049 1220 1082 sono
1261 1030 1419 1083 uerbi
1452 1030 1630 1099 agitur
1670 1049 1787 1082 cum
1824 1030 2102 1099 quaeritur
2131 1032 2232 1086 ,uel

407 1121 868 1189 animaduertitur,
924 1129 1119 1192 quanta
1154 1120 1423 1172 uocalium
1479 1120 1570 1171 uel
1610 1119 1964 1191 dispositione
1999 1120 2228 1172 leniatur

410 1211 894 1265 uelcon'cursione
935 1211 1194 1279 dehiscat,
1231 1211 1359 1262 item
1396 1211 1804 1263 consonantium
1857 1210 1948 1266 uel
1985 1211 2232 1282 inte-rpo-

411 1303 607 1356 sitione
645 1302 877 1354 nodetur
914 1303 1003 1353 uel
1044 1302 1392 1370 congestione
1434 1309 1715 1370 asperetur
1753 1309 1806 1352 et
1838 1307 1968 1370 quot
1989 1301 2082 1354 uel
2099 1320 2227 1370 fqua-

409 1396 549 1459 libus
587 1395 816 1464 syllabis·
848 1401 1074 1461 constet,
1126 1393 1214 1446 ubi
1258 1392 1498 1463 poeticus
1538 1391 1825 1460 rhythmus
1864 1398 2226 1461 accentusque

406 1506 436 1539 a
473 1485 835 1555 grammaticis
876 1485 1109 1538 solarum
1150 1485 1356 1537 aurium
1397 1492 1690 1536 tractantur
1728 1484 1981 1553 negotia’.
2033 1483 2226 1556 quibus

405 1575 587 1628 uerbis
641 1594 763 1628 cum
818 1575 1061 1627 breuiter
1118 1575 1269 1626 locus
1326 1573 1446 1638 περὶ
1504 1574 1683 1640 φωνῆς
1737 1573 2229 1642 circumscribatur,

407 1666 589 1733 quanti
626 1665 880 1736 ponderis
924 1665 977 1716 in
1018 1665 1099 1715 his
1138 1666 1299 1716 rebus
1338 1663 1702 1734 pronuntiatio
1742 1663 2232 1734 apud-Varronem

405 1755 568 1807 fuerit
606 1756 806 1827 optime
847 1755 1164 1819 ostenditur,
1223 1762 1281 1805 ut
1331 1772 1428 1825 per
1479 1762 1654 1806 totum
1690 1753 1901 1806 librum·
1930 1753 2134 1807 dehac
2170 1773 2230 1807 re

407 1864 528 1898 eum
567 1845 884 1899 disseruisse
922 1845 1141 1898 minime
1181 1845 1247 1896 sit
1280 1845 1490 1897 mirum.

575 1936 673 1988 His
712 1935 970 2008 expositis
1011 1934 1328 1988 subicienda
1367 1943 1457 1988 est.
1485 1935 1724 2005 quaestio
1752 1935 1828 1988 ‚de
1865 1933 2231 2004 relliquiis

410 2026 488 2079 ad
527 2027 700 2078 hanc
738 2034 1003 2098 partem
1055 2025 1290 2097 operis
1343 2025 1890 2095 pertinentibus
1937 2042 2073 2094 quae
2111 2025 2224 2095 qui-

410 2118 533 2170 dem
574 2135 684 2170 non
722 2117 896 2170 minus
949 2117 1015 2169 ad
1059 2117 1256 2168 librum
1312 2116 1545 2187 primum
1585 2124 1638 2167 et
1674 2116 1892 2169 tertium
1947 2134 2106 2186 quam
2163 2115 2230 2167 ad

406 2207 705 2261 secundum
743 2215 967 2277 spectat,
1004 2207 1099 2260 sed
1131 2207 1187 2260 in
1226 2207 1565 2278 singulorum
1604 2207 1866 2259 librorum
1907 2213 2226 2276 argumento

407 2297 744 2351 restituendo
781 2316 890 2349 non
928 2297 1208 2349 commode
1233 2296 1446 2349 tractari
1475 2297 1663 2366 potuit,
1703 2296 1825 2364 quia
1848 2315 1936 2348 res
1964 2295 2228 2348 artissime

405 2389 550 2442 inter
585 2407 643 2440 se
682 2389 990 2441 cohaerent.
1035 2388 1123 2458 qui
1164 2387 1308 2440 enim
1346 2387 1474 2438 Veli
1511 2387 1691 2457 Longi
1729 2388 1894 2439 uerba
1926 2385 2106 2438 statim
2143 2385 2236 2438 ad-

408 2478 661 2550 ponenda
708 2478 844 2546 legit
887 2496 996 2530 non
1049 2478 1292 2546 cogitare
1341 2477 1407 2528 de
1457 2476 1609 2529 libris
1659 2477 1854 2529 nostris
1892 2494 2001 2528 non
2037 2483 2231 2548 potest.

408 2568 762 2640 reprehendit
800 2567 1024 2637 Longus
1063 2568 1208 2637 quod
1247 2565 1534 2631 ὐρθοὲπεια
1572 2574 1625 2618 et
1661 2565 2002 2633 ὀρθογραφιά
2053 2575 2083 2619 a'
2112 2565 2234 2637 ,ple-

410 2660 594 2730 risque
643 2658 1041 2711 confundantur
1087 2666 1140 2710 et
1189 2657 1386 2709 deinde
1425 2656 1608 2726 pergit
1654 2654 1891 2726 (p.2232
1909 2657 2028 2725 P.):
2091 2658 2230 2708 ‘nam

409 2747 697 2814 ὀρθοέπε-ια
746 2768 858 2801 non
900 2749 1108 2819 quaerit
1147 2747 1418 2818 quomodo
1455 2747 1803 2799 scribendum
1856 2747 1940 2814 sit,
1997 2765 2112 2799 cum
2163 2747 2232 2798 ad

410 2840 562 2893 uocis
598 2840 781 2910 legem
817 2839 1103 2908 adlegatus
1141 2839 1208 2890 sit
1242 2838 1337 2890 isso
1375 2838 1463 2907 qui
1503 2836 1686 2890 ‘scribit
1721 2837 1963 2909 (scripsit
1997 2838 2098 2910 P.),-
2138 2837 2234 2889 sed

413 2938 496 2984 est
534 2932 774 3000 quaestio
810 2929 870 2981 in
912 2929 1204 2997 loquendo,
1241 2935 1300 2979 ut
1333 2933 1548 2992 forcipes
1586 2935 1638 2979 et
1674 2933 1903 2995 forpices,
1958 2935 2011 2980 et
2047 2947 2237 2982 arcesso

413 3030 468 3073 et
503 3039 694 3074 accerso
733 3020 838 3088 <his
876 3020 1020 3073 enim
1053 3019 1334 3071 minimum
1373 3018 1474 3069 erit
1510 3018 1834 3087 dignoscere
1866 3017 2231 3088 quomododi—

410 3114 621 3177 cantur)
656 3111 886 3182 proinde
925 3130 986 3163 ac
1030 3109 1219 3161 dixero
1261 3108 1461 3161 scribes
1518 3108 1647 3159 mihi
1691 3148 1702 3160 .
1744 3149 1755 3161 .
1795 3149 1805 3160 .
1845 3116 1898 3160 at
1948 3108 2229 3180 proprium

411 3201 922 3270 ὀρθογραφιάς-θετ,
975 3201 1224 3270 quotiens
1270 3200 1326 3252 in
1365 3200 1515 3252 uocis
1571 3199 1937 3252 enuntiatione
1973 3198 2114 3252 nihii
2148 3200 2226 3251 ui-

412 3293 601 3347 demus
620 3292 950 3363 ambiguum‚
986 3299 1044 3343 ut
1078 3291 1134 3343 in
1172 3291 1462 3361 scriptione
1500 3298 1609 3342 tota
1636 3290 1917 3343 haesitatio
1936 3297 2021 3343 est
2039 3289 2231 3362 posita,

410 3392 472 3437 ut
508 3404 630 3438 cum
670 3384 789 3437 dico
834 3390 985 3438 Troia
1020 3401 1118 3454 per
1153 3383 1184 3435 Ι
1229 3401 1395 3434 unum
1451 3401 1518 3433 an
1566 3398 1665 3451 per
1717 3381 1821 3433 duo
1859 3380 2096 3434 scribere
2134 3380 2231 3432 de-

411 3476 569 3528 beam
607 3517 619 3529 .
650 3516 662 3528 .
700 3516 711 3528 .
747 3516 757 3526 .
788 3474 895 3541 >sed
935 3474 1057 3541 (nec
1095 3472 1176 3539 P.)
1223 3479 1402 3541 potest
1437 3471 1492 3524 in
1532 3470 1851 3542 quibusdam
1889 3469 2231 3538 ὀρθύῖγραφιά

415 3579 535 3621 cum
573 3563 860 3635 ὀρθοεπεῖᾳ
898 3563 1128 3634 misceri,
1161 3571 1221 3615 ut
1244 3563 1539 3615 enuntiatio
1570 3581 1689 3615 cum
1718 3561 2007 3634 scriptione
2032 3561 2234 3633 pariter
