2222 4056
1117 322 1212 367 122

257 466 595 535 quorundum
644 464 1005 535 grammaticis
1054 464 1471 534 praemissorum
1527 470 1581 515 et
1635 463 1730 516 illa
1784 464 2070 536 interpola·

259 557 403 609 tione
428 557 814 624 submotorum‚
852 555 990 608 sicut
1010 554 1187 608 statim
1208 554 1359 606 latini
1393 552 1636 606 historici
1673 561 1942 607 secuntur.
1980 572 2070 608 ex-

260 655 431 700 trema
483 646 668 699 dubito
722 654 903 699 utrum
952 664 1049 717 pro
1090 644 1246 699 Cinci
1286 644 1487 711 uerbis,
1536 663 1566 695 a
1605 642 1888 698 Victorino
1931 645 2071 698 male

259 736 550 807 ex'cerptis,
605 736 917 807 accipienda
965 754 1032 787 an
1091 752 1259 806 prauo
1298 733 1567 786 Victorini
1618 733 1809 804 generi
1856 734 2068 788 dicendi

254 825 590 895 indulgenda
627 825 750 893 sint,
792 825 887 878 sed
930 843 1038 877 non
1079 823 1283 891 dubim,
1325 823 1453 892 quin
1473 842 1571 895 pro
1593 831 1910 889 peruenirent
1942 823 2068 877 scri-

252 915 491 968 bendum
536 915 603 967 sit
636 922 961 969 conuenirent.
1018 932 1086 966 ex
1119 913 1424 966 auctoribus
1463 934 1494 966 a
1527 913 1808 966 Victorino
1839 914 2071 984 ,prolatis

252 1005 563 1059 Demetrius
601 1011 654 1056 et
675 1003 1056 1057 Hermocrates
1097 1003 1164 1055 de
1199 1003 1410 1073 graecis
1447 1003 1643 1056 litteris
1685 1003 2071 1075 antiquissimis

251 1095 422 1148 locuti
469 1103 608 1163 sunt,
660 1094 920 1166 latinique
969 1094 1060 1162 (cf.
1095 1094 1264 1146 Hertz
1302 1094 1338 1146 l.
1376 1095 1412 1146 l.
1454 1114 1504 1166 p.
1528 1094 1616 1158 82)
1669 1093 1886 1147 easdem
1927 1094 2071 1150 XVI

249 1186 315 1238 ab
351 1185 608 1239 Euandro
645 1185 701 1237 in
721 1184 931 1237 Italiam
965 1184 1217 1237 aduectas
1258 1203 1374 1237 esse
1400 1184 1670 1253 dixerunt,
1705 1192 1922 1255 praeter
1943 1183 2071 1239 Oin-

249 1275 407 1343 cium‚
447 1275 535 1345 qui
573 1275 757 1346 paucis
800 1275 1116 1328 conmutatis
1152 1275 1255 1328 hoc
1295 1276 1495 1328 factum
1536 1292 1653 1329 esse
1689 1274 1878 1329 uoluit.
1916 1287 2069 1345 grae-

250 1380 335 1418 cas
375 1365 581 1418 litteras
620 1383 806 1418 omnes
846 1365 1139 1436 scriptores
1173 1385 1278 1418 una
1316 1374 1495 1418 mente
1531 1365 1626 1418 has
1657 1365 1821 1418 fuisse
1850 1364 2069 1418 tradunt

249 1475 282 1505 α
309 1457 342 1521 β
371 1475 402 1522 y
433 1456 464 1505 ὃ
490 1472 512 1503 ε
547 1474 563 1505 ι
596 1474 623 1505 κ
648 1461 673 1505 λ
695 1477 732 1520 μ
755 1474 782 1504 ν
804 1473 829 1505 o
853 1476 887 1504 π
911 1475 938 1520 ρ
963 1476 995 1507 σ
1016 1475 1043 1505 τ
1067 1476 1116 1517 v,
1159 1455 1377 1509 easdem
1416 1456 1584 1525 igitur
1625 1474 1724 1527 pro
1762 1454 1944 1510 latinis
1982 1471 2067 1510 ae·

249 1555 432 1617 ceptas
473 1548 640 1601 fuisse
679 1556 1103 1600 consentaneum
1142 1554 1239 1616 est,
1295 1555 1677 1619 praeterquam
1714 1546 1860 1615 quod
1896 1563 1994 1617 pro
2035 1549 2072 1596 Y

247 1645 540 1709 poneretur
575 1637 644 1706 V,
685 1637 829 1707 quod
892 1635 1140 1707 primitus
1197 1636 1342 1690 idem
1392 1644 1551 1706 atque
1604 1637 1648 1685 Y
1688 1653 1805 1690 esse
1843 1635 2072 1691 Verrius

245 1729 476 1783 Flaccus
516 1728 660 1800 apud
697 1727 919 1780 Velium
956 1727 1211 1797 Longum
1250 1745 1302 1798 p.
1331 1726 1468 1778 2215
1506 1727 1793 1792 intellexit,
1831 1727 2071 1782 easdem-

249 1835 352 1890 que
389 1818 533 1890 apud
570 1818 932 1885 Victorinum,
968 1817 1059 1870 ubi
1098 1818 1459 1887 congruentia
1498 1836 1819 1889 graecarum
1855 1825 1910 1870 et
1951 1818 2069 1871 lati-

247 1926 439 1962 narum
474 1907 777 1962 litterarum
796 1908 1075 1980 premitur,
1108 1909 1411 1980 propositas
1445 1926 1564 1962 csse
1605 1915 1936 1979 expectares.
1974 1908 2068 1962 sed

240 2001 277 2049 Y
313 1997 628 2070 simpliciter
649 1998 911 2051 reiectum
938 2005 1092 2052 estet
1117 2016 1374 2052 numerus
1395 1998 1535 2053 XVI
1571 1998 1756 2052 addito
1796 1997 1846 2064 Q
1881 1999 2069 2070 exple-

249 2096 340 2142 tur
358 2089 421 2156 ¹).
497 2107 618 2141 cum
661 2107 793 2142 uero
829 2088 1147 2142 Victorinus
1186 2108 1249 2143 eo
1282 2090 1423 2156 1000,
1477 2108 1582 2160 quo
1630 2109 1720 2144 eas
1757 2090 1951 2162 posuit,
2004 2090 2072 2143 de

253 2178 626 2233 communibus
646 2198 969 2250 graecorum
991 2188 1044 2233 et
1066 2180 1356 2234 latinorum
1375 2180 1572 2235 litteris
1590 2181 1858 2250 loquatur,
1891 2180 2072 2250 itaque

246 2271 351 2323 hoc
400 2278 585 2323 contra
637 2289 850 2324 omnem
894 2271 1158 2324 rationem
1206 2279 1432 2344 pugnet,
1485 2272 1643 2324 facile
1691 2270 2070 2338 contenderes,

248 2361 398 2414 illam
428 2361 624 2415 seriem
649 2361 950 2414 litterarum
985 2362 1253 2414 turbatam
1287 2380 1422 2430 esse,
1462 2362 1605 2434 quod
1640 2362 1686 2416 L
1728 2360 1983 2415 omissum
2021 2368 2074 2414 et

246 2449 302 2505 H
335 2452 401 2505 ab
435 2451 535 2503 hac
573 2470 634 2504 re
671 2469 894 2522 prorsus
933 2451 1187 2521 alienum,
1232 2452 1461 2505 inlatum
1499 2452 1820 2506 confirmare
1856 2450 2069 2505 uidere-

245 2549 350 2610 tur,
387 2542 608 2610 nisiI4,
633 2541 702 2594 20
738 2562 789 2614 p.
807 2542 944 2595 2458
984 2542 1202 2595 easdem
1238 2562 1301 2595 ac
1348 2549 1533 2596 nostro
1572 2543 1696 2596 loco
1730 2548 2070 2597 enumeratas

246 2632 450 2684 litteras
493 2632 725 2685 uideres,
764 2632 946 2703 itaque
986 2634 1216 2712 fortasse
1257 2641 1471 2687 secutus
1510 2641 1590 2687 est
1629 2633 1686 2687 in
1723 2633 1824 2687 hac
1863 2650 1925 2686 rc
1947 2631 2072 2687 Cin-

249 2722 387 2776 cium
440 2725 663 2793 eiusque
716 2724 1179 2777 enumerationem
1234 2725 1308 2778 ibi
1369 2742 1582 2796 quoque
1619 2723 1798 2795 posuit
1833 2723 1926 2778 ubi
1962 2742 2072 2778 non

248 2831 468 2886 prorsus
503 2822 628 2886 apta
662 2822 790 2867 erat.

412 2903 590 2957 Varro
617 2912 796 2958 autem
825 2905 983 2957 aliter
1014 2905 1210 2958 statuit.
1253 2906 1405 2959 cuius
1442 2906 1611 2959 libros
1650 2906 1719 2959 de
1756 2884 2072 2976 antiquitate

250 2995 551 3048 litterarum
604 3014 724 3047 cum
777 3014 807 3048 a
840 2995 1122 3049 Prisciano
1175 2996 1344 3048 semel
1394 2997 1762 3067 proferantur,
1816 3002 1870 3048 et
1924 2993 2071 3048 aliud

413 3219 456 3275 1)
495 3218 583 3273 Qui
600 3218 719 3262 hanc
750 3217 977 3262 rationem
1008 3219 1154 3264 secuti
1185 3222 1307 3263 sunt·
1325 3219 1376 3273 Q,
1410 3218 1534 3275 quod
1557 3232 1691 3275 saepe
1711 3217 1759 3261 in
1778 3217 2071 3274 antiquorum

248 3311 522 3356 graecorum
557 3298 786 3355 scriptura
827 3298 1031 3343 occurrit
1073 3297 1147 3354 (cf.
1178 3297 1325 3342 Franz
1358 3299 1387 3342 1.
1421 3313 1454 3342 s.
1488 3313 1532 3354 p.
1555 3297 1641 3352 16),
1688 3295 1945 3352 antiquitus
1976 3298 2070 3340 tra-

249 3377 397 3422 ditum
428 3378 714 3434 putauerunt
746 3377 820 3431 (cf.
851 3376 923 3422 W.
958 3377 1153 3421 Corssen
1183 3377 1209 3419 1.
1244 3391 1277 3421 s.
1310 3390 1354 3433 p.
1380 3376 1468 3433 15),
1499 3376 1541 3420 V
1571 3378 1732 3420 contra
1767 3373 1903 3419 aliam
1933 3377 2070 3431 atque

254 3464 295 3502 Y
322 3458 543 3512 litteram,
579 3457 688 3514 quia
723 3457 862 3501 alium
894 3456 1018 3514 apud
1049 3470 1241 3514 graecos
1273 3469 1434 3502 sonum
1456 3456 1663 3512 haberet,
1695 3464 1887 3517 eamque
1903 3457 2070 3513 postca

247 3537 352 3583 XVI
383 3537 474 3582 illis
507 3537 737 3584 adiectam
768 3551 866 3582 esse
898 3537 1143 3582 duxerunt.
