2222 4056
1153 319 1248 364 120

293 467 450 520 V58.
500 466 728 519 Diodor.
748 465 938 518 11167.
988 463 1127 517 Plin.
1147 463 1265 517 VII
1286 462 1385 519 192
1402 480 1484 532 sq.
1537 462 1704 515 Tacit.
1736 462 1912 516 annal.
1940 461 2113 517 X114

293 557 360 610 cf.
397 556 457 610 F.
479 558 550 610 A.
574 555 734 607 Wolf
765 555 978 626 proleg.
1020 553 1087 606 ad
1126 554 1288 606 Hom.
1326 571 1379 623 p.
1402 552 1449 605 L
1474 554 1590 622 sq.).
1640 552 1714 604 ita
1731 552 1906 605 Varro
1946 551 2108 607 Chal—

292 647 451 700 daeos
500 646 701 717 primos
748 645 1048 697 litterarum
1100 662 1217 697 esse
1257 649 1500 696 auctores
1535 641 1810 710 iudicauit,
1869 660 1932 698 eo
1981 653 2110 697 'usus

290 743 626 806 argumentO,
665 734 808 804 quod
846 753 1031 787 earum
1065 733 1298 800 nomina,
1343 750 1477 801 quae
1513 751 1542 783 a
1580 731 1916 801 singularum
1934 733 2111 802 figura

290 826 586 898 repetenda
625 832 820 893 essent,
855 824 923 877 ad
964 823 1362 879 Chaldaeorum
1398 822 1642 893 linguam
1679 829 1982 894 spectarent
2023 822 2110 892 (fr.

293 916 434 985 103).
473 917 571 968 has
608 915 813 968 litteras
849 935 880 967 a
917 914 1281 968 Phoenicibus
1327 932 1450 966 cum
1486 912 1715 968 Graecis
1753 913 2111 974 communica-

289 1014 369 1058 tas
410 1005 649 1058 sedecim
686 1005 852 1057 fuisse
893 1003 1128 1071 tradunt,
1190 1002 1383 1072 quibus
1444 1002 1762 1056 Palamedes
1801 1002 2111 1060 Simonides

289 1096 647 1166 Epicharmus
684 1094 921 1166 reliquas
959 1094 1284 1147 addiderint.
1323 1093 1484 1146 ualde
1512 1094 1780 1164 discrepat
1806 1093 1950 1146 inter
1985 1094 2113 1148 scri-

294 1193 477 1257 ptores
530 1205 659 1257 quas
710 1185 935 1255 quisque
991 1203 1177 1237 eorum
1231 1184 1492 1238 adiecerit
1537 1183 1629 1254 (cf.
1665 1184 1708 1238 I.
1741 1185 1919 1239 Franz
1952 1184 2112 1240 elem.

298 1276 471 1347 epigr.
511 1294 595 1346 gr.
631 1295 683 1348 p.
723 1276 787 1328 14
823 1275 945 1345 sq.)‚
995 1275 1139 1345 quod
1183 1275 1377 1346 partim
1422 1274 1490 1327 ad
1531 1275 1771 1328 diuersas
1821 1274 2112 1329 sententias

293 1367 577 1438 pertineat,
618 1367 814 1438 partim
859 1368 1085 1420 fortasse
1123 1366 1463 1420 librariorum
1504 1367 1664 1438 culpa
1712 1372 1807 1419 est.
1879 1366 2004 1418 satis
2043 1365 2114 1419 sit

291 1475 740 1527 conmemorasse,
794 1458 1115 1529 plerumque
1166 1456 1445 1510 Palamedi
1496 1457 1590 1525 (ef.
1631 1455 1698 1511 O.
1734 1456 1871 1510 Iahn
1909 1455 2111 1510 Palam.

290 1567 342 1620 p.
371 1547 439 1601 25
465 1567 544 1619 sq.
597 1548 661 1601 E.
702 1547 920 1602 Curtius
955 1567 1079 1601 nou,
1120 1566 1255 1600 mus.
1293 1547 1374 1600 rh.
1404 1547 1521 1600 VII
1557 1566 1609 1618 p.
1645 1546 1750 1599 455
1782 1546 1887 1615 sq.)
1948 1545 2114 1600 tribui

291 1638 698 1691 consonantium
734 1638 1139 1708 adspimtarnm,
1181 1637 1447 1694 Simonidi
1500 1637 1872 1690 inuentionem
1910 1636 2113 1692 littera-

292 1748 411 1782 rum
454 1729 510 1778 H
531 1728 580 1780 Ω
601 1724 652 1784 Ξ
676 1728 737 1796 ²F3
777 1729 875 1781 sed
910 1730 1045 1782 haec
1085 1747 1194 1781 non
1219 1727 1381 1781 modo
1417 1727 1818 1781 confunduntur
1853 1735 1906 1780 et
1931 1726 2111 1780 inuer-

291 1826 493 1888 tuntur,
533 1819 628 1871 sed
673 1819 832 1871 etiam
869 1826 961 1871 aut
999 1819 1227 1871 alterum
1267 1826 1357 1871 aut
1393 1818 1640 1889 singulae
1680 1818 1871 1872 harum
1910 1817 2112 1873 littera-

289 1928 407 1962 rum
466 1908 790 1981 Epicharmo
848 1907 1241 1962 adscribuntur.
1307 1908 1437 1978 quid
1482 1908 1539 1960 in
1581 1908 1683 1961 hac
1736 1927 1894 1962 causa
1930 1907 2109 1962 Varro

293 1998 540 2050 statuerit
578 2015 647 2051 ex
687 1997 968 2050 contrariis
1006 1995 1404 2049 narrationibus
1441 1995 1767 2068 scriptorum
1819 1995 2112 2049 latinorum

288 2086 603 2158 inuestigari
660 2105 769 2139 non
805 2093 1002 2159 potest,
1057 2104 1158 2138 nec
1201 2085 1384 2157 magni
1435 2087 1692 2139 momenti
1730 2093 1828 2154 est,
1883 2104 2006 2139 cum
2056 2086 2113 2140 in

289 2177 391 2230 hac
428 2195 712 2231 re=0mnes
750 2179 866 2231 fere
902 2176 1153 2246 antiquos
1191 2195 1401 2230 errasse
1441 2177 1567 2230 satis
1607 2184 1834 2243 constet.
1868 2178 1926 2230 in
1949 2178 2111 2231 rebus

293 2276 468 2322 autem
508 2268 775 2320 historicis
816 2287 1006 2340 parum
1044 2269 1271 2321 interest
1305 2268 1548 2338 priorum
1585 2267 1864 2322 hominum
1901 2280 2113 2322 errores

292 2377 584 2432 exponere,
618 2359 662 2413 si
698 2377 887 2412 uerum
924 2359 1203 2412 inuentum
1245 2369 1342 2429 est,
1379 2379 1499 2412 cum
1532 2360 1591 2414 in
1631 2360 1706 2414 eis
1734 2360 1922 2424 rebus,
1979 2376 2116 2429 quae

292 2450 349 2502 in
383 2449 657 2520 cogitandi
694 2449 904 2502 ratione
945 2449 1203 2517 nituntur,
1257 2449 1417 2502 etiam
1462 2468 1708 2504 errorum
1742 2451 1964 2504 historia
2003 2468 2113 2504 non

292 2541 466 2594 solum
507 2541 806 2611 sapientem
841 2540 1196 2593 uehementer
1234 2540 1469 2610 adliciat,
1532 2542 1626 2594 sed
1662 2560 1937 2614 perquam>
1965 2541 2113 2596 utilis

291 2632 373 2685 sit.
411 2632 468 2685 in
503 2632 714 2685 Italiam
754 2650 939 2684 omnes
976 2631 1316 2685 consentiunt
1352 2632 1443 2700 (cf.
1479 2632 1606 2686 Tac.
1644 2633 1680 2685 l.
1717 2633 1752 2686 l.
1791 2633 1955 2686 Dion.
1986 2632 2111 2686 Hal.

292 2729 399 2774 ant.
446 2741 579 2775 rom.
617 2722 646 2775 I
682 2722 790 2791 33),
843 2721 1163 2776 Euandrum
1199 2721 1478 2776 Arcadem
1531 2723 1620 2788 (cf.
1660 2723 1724 2777 R.
1760 2722 1828 2775 H.
1866 2722 2112 2776 Klausen

289 2812 512 2865 'Aeneas
550 2831 601 2865 u.
624 2813 673 2865 d.
694 2820 870 2884 penat.
907 2813 968 2866 II
998 2832 1049 2884 p.
1075 2797 1177 2865 889
1206 2815 1311 2884 sq.)
1351 2812 1573 2884 eiusque
1608 2820 1836 2865 matrem
1859 2810 2112 2866 Car-men-

292 2910 401 2955 tem
435 2920 659 2972 graecas
699 2902 904 2955 litteras
939 2902 1196 2955 adtulisse
1222 2903 1280 2972 ¹),
1323 2903 1467 2974 quod
1486 2904 1723 2958 Varroni
1763 2921 1977 2976 quoque
2001 2903 2112 2976 pla-

458 3141 500 3198 1)
536 3142 729 3185 Ioannes
747 3141 900 3198 Lydus
932 3155 1111 3198 quoque
1143 3142 1199 3184 de
1230 3154 1373 3183 mens,
1404 3139 1474 3182 19
1505 3140 1775 3184 Euandrum
1805 3141 2008 3186 sedecim
2038 3141 2112 3186 lit-

291 3228 415 3269 teras
448 3223 497 3266 in
526 3222 706 3266 Italiam
736 3222 897 3266 tulisse
930 3222 1108 3276 scribit,
1143 3221 1221 3265 scd
1254 3235 1343 3277 qua
1374 3223 1445 3264 est
1474 3220 1662 3264 inscitia
1690 3224 1738 3264 et
1767 3221 2109 3266 inconsideran-

290 3303 357 3347 tia
399 3303 479 3348 Cn.
522 3303 752 3352 Flauium,
802 3317 936 3358 quem
975 3302 1036 3345 M.
1070 3301 1199 3355 dicit,
1244 3302 1446 3358 reliquas
1489 3300 1720 3345 addidisse
1765 3300 1982 3358 opinatur
2034 3301 2107 3354 (cf.

289 3385 451 3442 Pomp.
483 3384 540 3428 de
575 3383 689 3441 orig.
719 3383 807 3427 iur.
839 3383 1017 3440 Digest.
1049 3382 1132 3436 12,
1152 3382 1195 3437 2,
1214 3381 1253 3425 7.
1288 3382 1330 3427 S.
1348 3382 1419 3426 W.
1440 3382 1674 3426 Zimmern
1703 3382 1856 3439 gesch.
1890 3382 1933 3426 d.
1966 3396 2109 3427 roem.

289 3464 602 3522 priuatrechts
633 3479 676 3521 p.
699 3463 785 3508 205
803 3464 904 3520 sq.).
960 3462 1198 3520 ingeniose
1223 3462 1407 3507 >subicit
1449 3464 1577 3521 φιλεῖ
1611 3458 1699 3520 γὰρ
1742 3460 1766 3506 ὁ
1807 3457 1976 3521 χρόνος
2006 3462 2111 3511 ἐνοι-7

288 3548 466 3603 μείβειν
496 3541 547 3587 τὰ
578 3538 841 3603 πράγματα,
875 3542 956 3587 sed
980 3556 1147 3587 uereor
1179 3557 1238 3587 ne
1271 3542 1542 3588 tantundem
1573 3545 1736 3599 stupor
1768 3541 2012 3598 Lydorum.
2053 3535 2055 3537 ¹
