2294 4062
996 318 1061 364 23

123 469 276 519 tendit
314 469 642 529 pertinaciam
677 484 790 528 esse,
833 470 964 532 quod
1001 471 1055 518 in
1093 483 1187 530 quo
1225 472 1446 530 oporteat
1481 483 1691 526 manere,
1730 471 1774 518 si
1811 471 1865 516 in
1909 484 1960 517 eo

119 562 316 623 perstet,
348 563 799 620 perseuerantia—
810 563 1029 622 priorem
1044 560 1184 609 illam
1197 563 1406 621 partem,
1433 561 1518 609 ubi
1535 574 1624 609 eur
1644 562 1691 607 et
1709 560 1838 609 unde
1863 562 1961 608 sint

121 653 274 701 uerba
322 657 620 710 scrutantur,
677 652 856 703 Graeci
902 655 1077 710 uocant
1132 644 1505 711 ἐτυμολογιάν,
1559 650 1698 699 illam
1754 651 1959 699 alteram

125 733 250 800 περὶ
302 732 719 803 σημαινομένων.
793 735 910 807 ipsa
949 734 1317 806 etymologiae
1363 733 1683 804 inpugnatio
1725 735 1783 787 in
1823 734 1955 788 duas

120 833 301 899 partes
338 826 513 880 diuisa
551 834 683 895 erat,
723 834 782 879 ut
816 826 958 878 liber
997 832 1218 878 octauus
1258 824 1349 894 (25
1387 843 1440 895 p.
1461 824 1603 893 409),
1641 825 1814 877 altera
1843 834 1957 878 erat

122 917 414 989 generalis»,
447 917 598 972 cuius
634 917 846 971 nullum
880 917 1173 988 uestigium
1214 915 1490 986 indagaui‚
1536 915 1703 969 altera
1742 915 1958 986 singula

124 1009 348 1064 erimina
382 1009 810 1081 amplexabatur.
850 1025 986 1078 quae
1031 1007 1258 1061 erimina
1299 1007 1375 1075 (V
1401 1007 1433 1060 3
1471 1025 1524 1077 p.
1560 1006 1646 1072 14)
1688 1006 1956 1079 tripartita

125 1108 266 1170 sunt,
319 1099 496 1172 primo
534 1099 600 1152 ab
639 1098 967 1170 inpositione
1005 1097 1264 1169 repetita:
1319 1115 1429 1149 non
1479 1097 1652 1150 omnis
1702 1097 1955 1168 inpositio

122 1190 418 1245 uerborum
456 1197 621 1258 extat,
662 1206 798 1261 quae
845 1196 997 1242 extat
1045 1207 1159 1241 non
1201 1187 1375 1241 omnis
1412 1187 1528 1240 sine
1566 1188 1763 1241 mendo
1800 1189 1954 1260 inpo-

121 1281 241 1349 sita,
278 1298 416 1355 quae
451 1288 598 1334 recte
638 1287 721 1334 est
755 1280 989 1351 inposita
1028 1298 1138 1332 non
1175 1286 1370 1333 cuneta
1400 1287 1598 1347 manet,
1641 1279 1764 1348 quia
1787 1279 1959 1331 multa

123 1373 294 1427 uerba
330 1371 671 1441 commutatis
707 1370 902 1424 litteris
939 1370 1320 1438 obscurantur-3
1359 1370 1558 1423 deinde
1592 1390 1622 1422 a
1646 1370 1959 1441 linguarum

125 1461 465 1517 diuersitate:
502 1480 616 1515 non
656 1461 828 1514 omnis
863 1460 1019 1531 origo
1058 1467 1140 1514 est
1174 1461 1373 1514 latinae
1399 1461 1622 1531 linguae
1648 1479 1677 1513 e
1700 1447 1957 1513 uernacu-

120 1553 192 1608 lis
226 1553 439 1621 uerbis3
479 1552 714 1625 denique
742 1572 773 1605 a
797 1551 853 1604 ui
881 1553 1206 1605 uerborum:
1243 1552 1413 1605 multa
1438 1553 1608 1605 uerba
1634 1550 1785 1604 aliud
1811 1570 1956 1604 nune

123 1645 435 1715 ostendunt,
491 1645 639 1700 aliud
694 1653 818 1699 ante
875 1644 1271 1716 significabant.
1345 1644 1481 1696 haee
1540 1642 1719 1696 omnia
1773 1641 1955 1695 multis

123 1736 390 1810 exemplis
423 1735 753 1803 inlustrauit‚
813 1734 989 1806 qualia
1012 1734 1175 1788 facile
1214 1733 1272 1787 in
1295 1732 1448 1787 libris
1491 1731 1842 1804 sequentibus
1877 1730 1957 1785 in·

120 1825 328 1880 uenies,
366 1841 544 1895 neque
579 1824 803 1878 deerant
836 1831 968 1897 puto
1008 1824 1261 1896 querelae
1294 1831 1354 1875 ut
1389 1822 1518 1892 (V5
1539 1842 1590 1895 p.
1616 1821 1704 1891 15)
1742 1830 1958 1876 uetustas

117 1936 282 1985 pauca
315 1936 416 1971 non
447 1921 708 1981 deprauat,
746 1919 901 1969 multa
941 1919 1081 1967 tollit.
1154 1933 1294 1980 quem
1322 1933 1535 1980 puerum
1568 1917 1740 1966 uidisti
1776 1917 1956 1975 formo-

121 2024 243 2068 sum,
281 2010 411 2058 hunc
445 2009 586 2058 uides
624 2009 886 2069 deformem
920 2011 976 2058 in
1009 2011 1215 2058 senecta.
1253 2011 1448 2058 tertium
1473 2009 1682 2059 secutam
1702 2024 1800 2058 non
1825 2009 1962 2058 uidet

124 2115 232 2151 eum
267 2101 503 2149 hominem
544 2113 682 2159 quem
718 2098 846 2147 uidit
873 2099 1104 2158 primum.
1159 2112 1313 2159 quare
1348 2099 1438 2147 illa
1473 2113 1595 2159 quae
1628 2101 1728 2147 iam
1760 2099 1959 2147 maiori-

125 2192 214 2240 bus
245 2191 429 2240 nostris
461 2189 645 2238 ademit
677 2188 856 2238 obliuio
889 2187 1120 2252 fuyitiua,
1154 2193 1318 2238 secuta
1335 2190 1574 2239 sedulitas
1591 2190 1728 2238 Muti
1746 2192 1791 2238 et
1808 2189 1962 2238 Bruti

123 2280 375 2332 retrahere
402 2278 584 2340 nequit.

291 2363 415 2418 Lib
430 2381 498 2418 ro
538 2363 766 2416 altero
798 2370 988 2416 eontra
1010 2362 1377 2433 etymologiae
1397 2362 1784 2434 praestantiam
1803 2380 1956 2434 prae-

126 2455 327 2511 dicauit
366 2462 419 2508 et
456 2452 648 2507 eodem
683 2451 843 2506 modo
883 2471 988 2524 quo
1026 2451 1165 2505 libro
1202 2469 1348 2505 nono
1378 2452 1574 2524 opinor
1601 2452 1777 2524 primo
1820 2470 1957 2522 quae

124 2546 196 2600 ad
235 2546 544 2600 uniuersam
581 2543 976 2614 etymologiam
1013 2549 1336 2615 spectarent,
1372 2543 1571 2597 deinde
1610 2544 1827 2616 singula
1855 2545 1957 2598 cri-

125 2636 273 2690 mina
308 2635 381 2688 ‘et
417 2652 480 2688 ea
519 2651 656 2707 quae
695 2634 752 2687 in
784 2633 968 2706 priore
1005 2633 1145 2686 libro
1186 2640 1367 2685 essent
1421 2631 1562 2686 diota
1618 2643 1673 2688 et
1720 2654 1782 2688 ea
1822 2654 1957 2709 quae

124 2727 428 2801 potuissent
476 2726 599 2780 diei'
659 2726 866 2796 (VIIII
891 2725 919 2777 7
958 2745 1010 2798 p.
1043 2725 1167 2790 461)
1210 2726 1575 2797 perlustrauit.
1651 2728 1720 2781 In
1772 2728 1955 2799 priore

125 2827 280 2892 parte
319 2826 469 2872 reete
507 2818 706 2872 stoicos
743 2825 913 2872 artem
950 2819 1342 2889 etymologiam
1375 2818 1644 2874 iudicasse
1669 2819 1955 2893 eidemque

124 2907 422 2963 manifestis
459 2908 766 2980 praeceptis
801 2916 1010 2962 eertum
1051 2907 1464 2962 fundamentum
1514 2910 1730 2964 dedisse
1773 2911 1953 2982 dispu-

124 2999 275 3054 tauit.
312 3017 448 3072 quae
483 3007 791 3072 praecepta,
832 3000 877 3053 si
919 3019 1082 3073 supra
1121 3000 1418 3072 Augustini
1454 3000 1722 3074 principia
1764 3002 1955 3055 dialec-

126 3091 231 3145 tiea
280 3091 387 3144 huc
437 3090 715 3164 pertinere
763 3091 1131 3163 probauimuS‚
1190 3092 1264 3145 ita
1316 3094 1431 3146 fere
1487 3099 1803 3164 persecutus
1858 3101 1952 3146 est.

125 3183 367 3237 omnium
401 3184 693 3236 uerborum
730 3182 866 3236 ratio
906 3181 1170 3256 explicari
1195 3189 1376 3254 potest
1406 3190 1459 3235 et
1496 3184 1562 3236 ab
1589 3183 1693 3236 alio
1716 3183 1783 3236 ad
1807 3183 1954 3235 aliud

123 3275 516 3330 transeundum
535 3282 635 3343 est,
663 3275 835 3329 donee
858 3292 946 3328 res
967 3279 1114 3342 (nam
1134 3293 1223 3328 res
1262 3283 1315 3328 et
1345 3277 1512 3329 uerba
1539 3281 1803 3347 perpetuo
1828 3291 1951 3326 con-

124 3363 447 3431 funduntur)
486 3365 895 3420 similitudinem
936 3366 1205 3439 quandam
1241 3385 1359 3420 cum
1411 3383 1541 3419 sono
1579 3364 1732 3418 uerbi
1774 3371 1950 3417 osten·

128 3453 273 3526 dant,
318 3454 381 3510 ut
430 3456 613 3510 ouium
636 3456 867 3510 balatus
917 3456 1009 3510 uel
1055 3457 1303 3511 tubarum
1340 3457 1579 3527 clangor.
1634 3455 1740 3508 huc
1781 3454 1950 3527 igitur

126 3539 448 3601 referendus
484 3547 702 3600 uidetur
739 3546 883 3601 Noni
920 3547 1068 3600 loeus
1095 3547 1294 3620 (p.450
1328 3547 1401 3601 M.
1437 3545 1689 3615 gannire)
1737 3544 1802 3596 de
1842 3545 1950 3597 ani·
