<?xml version="1.0" encoding="UTF-8"?>
<!DOCTYPE html PUBLIC "-//W3C//DTD XHTML 1.0 Transitional//EN"
    "http://www.w3.org/TR/xhtml1/DTD/xhtml1-transitional.dtd">
<html xmlns="http://www.w3.org/1999/xhtml" xml:lang="en" lang="en">
 <head>
  <title>
</title>
<meta http-equiv="Content-Type" content="text/html;charset=utf-8" />
  <meta name='ocr-system' content='tesseract 3.04.00' />
  <meta name='ocr-capabilities' content='ocr_page ocr_carea ocr_par ocr_line ocrx_word'/>
</head>
<body>
  <div class='ocr_page' id='page_1' title='image "./demterentivarron00wilmuoft_0179.png"; bbox 0 0 2274 4082; ppageno 0'>
   <div class='ocr_carea' id='block_1_1' title="bbox 993 315 1090 363">
    <p class='ocr_par' dir='ltr' id='par_1_1' title="bbox 993 315 1090 363">
     <span class='ocr_line' id='line_1_1' title="bbox 993 315 1090 363; baseline 0.01 -1"><span class='ocrx_word' id='word_1_1' title='bbox 993 315 1090 363; x_wconf 80' lang='lat'><strong>167</strong></span> 
     </span>
    </p>
   </div>
   <div class='ocr_carea' id='block_1_2' title="bbox 19 459 1961 937">
    <p class='ocr_par' dir='ltr' id='par_1_2' title="bbox 963 459 1135 516">
     <span class='ocr_line' id='line_1_2' title="bbox 963 459 1135 516; baseline 0.012 -2"><span class='ocrx_word' id='word_1_2' title='bbox 963 459 1135 516; x_wconf 79' lang='lat' dir='ltr'>XXII</span> 
     </span>
    </p>

    <p class='ocr_par' dir='ltr' id='par_1_3' title="bbox 22 559 1143 654">
     <span class='ocr_line' id='line_1_3' title="bbox 22 559 1143 652; baseline 0.004 -6"><span class='ocrx_word' id='word_1_3' title='bbox 22 635 25 646; x_wconf 67' lang='grc'><strong>.</strong></span> <span class='ocrx_word' id='word_1_4' title='bbox 66 568 136 644; x_wconf 88' lang='grc'><strong>34</strong></span> <span class='ocrx_word' id='word_1_5' title='bbox 195 559 197 561; x_wconf 58' lang='lat'>&gt;</span> <span class='ocrx_word' id='word_1_6' title='bbox 230 566 239 580; x_wconf 30' lang='grc' dir='ltr'>υ</span> <span class='ocrx_word' id='word_1_7' title='bbox 291 576 442 649; x_wconf 83' lang='lat' dir='ltr'><strong>Rure</strong></span> <span class='ocrx_word' id='word_1_8' title='bbox 483 594 628 652; x_wconf 81' lang='lat' dir='ltr'><strong>ueni.</strong></span> <span class='ocrx_word' id='word_1_9' title='bbox 1102 646 1106 651; x_wconf 83' lang='grc'><em>,</em></span> <span class='ocrx_word' id='word_1_10' title='bbox 1141 591 1143 593; x_wconf 46' lang='grc'><strong>’</strong></span> 
     </span>
    </p>

    <p class='ocr_par' dir='ltr' id='par_1_4' title="bbox 19 667 1961 937">
     <span class='ocr_line' id='line_1_4' title="bbox 19 667 1156 785; baseline 0.001 -2"><span class='ocrx_word' id='word_1_11' title='bbox 19 667 42 766; x_wconf 53' lang='lat' dir='ltr'><strong>‚i</strong></span> <span class='ocrx_word' id='word_1_12' title='bbox 176 685 177 689; x_wconf 7' lang='grc' dir='ltr'><strong><em>Ν</em></strong></span> <span class='ocrx_word' id='word_1_13' title='bbox 953 730 1156 785; x_wconf 72' lang='lat' dir='ltr'><strong>xxm</strong></span> 
     </span>
     <span class='ocr_line' id='line_1_5' title="bbox 65 831 1961 937; baseline 0.002 -25"><span class='ocrx_word' id='word_1_14' title='bbox 65 858 126 913; x_wconf 78' lang='lat'><strong>35</strong></span> <span class='ocrx_word' id='word_1_15' title='bbox 185 831 213 854; x_wconf 15' lang='grc' dir='ltr'><em>Ἀ</em></span> <span class='ocrx_word' id='word_1_16' title='bbox 294 859 579 934; x_wconf 86' lang='lat' dir='ltr'><strong>Ingluuies</strong></span> <span class='ocrx_word' id='word_1_17' title='bbox 625 870 749 917; x_wconf 85' lang='lat' dir='ltr'><strong>sunt</strong></span> <span class='ocrx_word' id='word_1_18' title='bbox 786 863 893 917; x_wconf 87' lang='lat' dir='ltr'><strong>tori</strong></span> <span class='ocrx_word' id='word_1_19' title='bbox 931 863 1076 917; x_wconf 88' lang='lat' dir='ltr'><strong>circa</strong></span> <span class='ocrx_word' id='word_1_20' title='bbox 1113 863 1300 936; x_wconf 85' lang='lat' dir='ltr'><strong>gulam</strong></span> <span class='ocrx_word' id='word_1_21' title='bbox 1339 861 1431 937; x_wconf 85' lang='lat' dir='ltr'><strong>qui</strong></span> <span class='ocrx_word' id='word_1_22' title='bbox 1465 866 1693 937; x_wconf 85' lang='lat' dir='ltr'><strong>propter</strong></span> <span class='ocrx_word' id='word_1_23' title='bbox 1730 862 1961 936; x_wconf 86' lang='lat' dir='ltr'><strong>pingue-</strong></span> 
     </span>
    </p>
   </div>
   <div class='ocr_carea' id='block_1_3' title="bbox 77 943 1500 1027">
    <p class='ocr_par' dir='ltr' id='par_1_5' title="bbox 77 943 1500 1027">
     <span class='ocr_line' id='line_1_6' title="bbox 77 943 1500 1027; baseline 0.002 -23"><span class='ocrx_word' id='word_1_24' title='bbox 77 953 106 999; x_wconf 86' lang='lat'>5</span> <span class='ocrx_word' id='word_1_25' title='bbox 130 943 313 1005; x_wconf 84' lang='lat' dir='ltr'><strong>dinem</strong></span> <span class='ocrx_word' id='word_1_26' title='bbox 352 952 492 1006; x_wconf 85' lang='lat' dir='ltr'><strong>fiunt</strong></span> <span class='ocrx_word' id='word_1_27' title='bbox 529 960 690 1023; x_wconf 87' lang='lat' dir='ltr'><strong>atque</strong></span> <span class='ocrx_word' id='word_1_28' title='bbox 727 953 1038 1007; x_wconf 86' lang='lat' dir='ltr'><strong>interiectas</strong></span> <span class='ocrx_word' id='word_1_29' title='bbox 1076 950 1279 1007; x_wconf 83' lang='lat' dir='ltr'><strong>habent</strong></span> <span class='ocrx_word' id='word_1_30' title='bbox 1315 973 1500 1027; x_wconf 78' lang='lat' dir='ltr'><strong>rugas,</strong></span> 
     </span>
    </p>
   </div>
   <div class='ocr_carea' id='block_1_4' title="bbox 923 1132 1165 1187">
    <p class='ocr_par' dir='ltr' id='par_1_6' title="bbox 923 1132 1165 1187">
     <span class='ocr_line' id='line_1_7' title="bbox 923 1132 1165 1187; baseline 0.012 -2"><span class='ocrx_word' id='word_1_31' title='bbox 923 1132 1165 1187; x_wconf 90' lang='lat' dir='ltr'>XXIIII</span> 
     </span>
    </p>
   </div>
   <div class='ocr_carea' id='block_1_5' title="bbox 55 1261 1960 1338">
    <p class='ocr_par' dir='ltr' id='par_1_7' title="bbox 55 1261 1960 1338">
     <span class='ocr_line' id='line_1_8' title="bbox 55 1261 1960 1338; baseline 0.004 -25"><span class='ocrx_word' id='word_1_32' title='bbox 55 1267 212 1334; x_wconf 41' lang='grc' dir='ltr'><strong>ἢθη...</strong></span> <span class='ocrx_word' id='word_1_33' title='bbox 291 1261 643 1336; x_wconf 68' lang='grc' dir='ltr'><strong>(ἀξιώματα)Ι</strong></span> <span class='ocrx_word' id='word_1_34' title='bbox 680 1264 754 1320; x_wconf 90' lang='grc' dir='ltr'><strong>Μ,</strong></span> <span class='ocrx_word' id='word_1_35' title='bbox 799 1265 977 1319; x_wconf 85' lang='lat' dir='ltr'><strong>Varro</strong></span> <span class='ocrx_word' id='word_1_36' title='bbox 1030 1265 1162 1320; x_wconf 84' lang='lat' dir='ltr'><strong>alias</strong></span> <span class='ocrx_word' id='word_1_37' title='bbox 1217 1266 1431 1338; x_wconf 84' lang='lat' dir='ltr'><strong>profata</strong></span> <span class='ocrx_word' id='word_1_38' title='bbox 1481 1266 1614 1321; x_wconf 72' lang='lat' dir='ltr'><strong>alias</strong></span> <span class='ocrx_word' id='word_1_39' title='bbox 1670 1267 1960 1338; x_wconf 86' lang='lat' dir='ltr'><strong>proloquia.</strong></span> 
     </span>
    </p>
   </div>
   <div class='ocr_carea' id='block_1_6' title="bbox 127 1356 1958 1518">
    <p class='ocr_par' dir='ltr' id='par_1_8' title="bbox 127 1356 1958 1518">
     <span class='ocr_line' id='line_1_9' title="bbox 127 1356 385 1416; baseline -0.023 0"><span class='ocrx_word' id='word_1_40' title='bbox 127 1374 159 1416; x_wconf 64' lang='lat' dir='ltr'><strong>a</strong></span> <span class='ocrx_word' id='word_1_41' title='bbox 237 1356 385 1415; x_wconf 72' lang='lat' dir='ltr'><strong>ellat.</strong></span> 
     </span>
     <span class='ocr_line' id='line_1_10' title="bbox 131 1374 1958 1518; baseline -0.001 -15"><span class='ocrx_word' id='word_1_42' title='bbox 131 1374 233 1512; x_wconf 57' lang='lat' dir='ltr'><strong>(pp</strong></span> <span class='ocrx_word' id='word_1_43' title='bbox 289 1447 364 1506; x_wconf 81' lang='lat' dir='ltr'><strong>M.</strong></span> <span class='ocrx_word' id='word_1_44' title='bbox 382 1446 564 1513; x_wconf 79' lang='lat' dir='ltr'><strong>Varro</strong></span> <span class='ocrx_word' id='word_1_45' title='bbox 603 1446 673 1501; x_wconf 85' lang='lat' dir='ltr'><strong>de</strong></span> <span class='ocrx_word' id='word_1_46' title='bbox 709 1447 901 1518; x_wconf 84' lang='lat' dir='ltr'><strong>lingua</strong></span> <span class='ocrx_word' id='word_1_47' title='bbox 937 1446 1106 1500; x_wconf 85' lang='lat' dir='ltr'><strong>latina</strong></span> <span class='ocrx_word' id='word_1_48' title='bbox 1154 1446 1223 1500; x_wconf 85' lang='lat' dir='ltr'><strong>ad</strong></span> <span class='ocrx_word' id='word_1_49' title='bbox 1270 1445 1598 1501; x_wconf 77' lang='lat' dir='ltr'>Ciceronem</span> <span class='ocrx_word' id='word_1_50' title='bbox 1647 1455 1840 1518; x_wconf 83' lang='lat' dir='ltr'><strong>quarto</strong></span> <span class='ocrx_word' id='word_1_51' title='bbox 1879 1447 1958 1502; x_wconf 89' lang='lat' dir='ltr'><strong>ui-</strong></span> 
     </span>
    </p>
   </div>
   <div class='ocr_carea' id='block_1_7' title="bbox 3 1513 1961 1703">
    <p class='ocr_par' dir='ltr' id='par_1_9' title="bbox 3 1513 1961 1703">
     <span class='ocr_line' id='line_1_11' title="bbox 3 1513 1961 1618; baseline 0.001 -28"><span class='ocrx_word' id='word_1_52' title='bbox 3 1585 11 1612; x_wconf 45' lang='lat'><strong>.*</strong></span> <span class='ocrx_word' id='word_1_53' title='bbox 49 1543 105 1590; x_wconf 92' lang='lat'><strong>10</strong></span> <span class='ocrx_word' id='word_1_54' title='bbox 125 1513 328 1607; x_wconf 67' lang='lat' dir='ltr'><strong>oesimo</strong></span> <span class='ocrx_word' id='word_1_55' title='bbox 365 1537 775 1611; x_wconf 72' lang='lat' dir='ltr'><strong>expeditissime</strong></span> <span class='ocrx_word' id='word_1_56' title='bbox 812 1538 889 1618; x_wconf 78' lang='lat' dir='ltr'><strong>ita</strong></span> <span class='ocrx_word' id='word_1_57' title='bbox 922 1537 1069 1593; x_wconf 84' lang='lat' dir='ltr'><strong>finit:</strong></span> <span class='ocrx_word' id='word_1_58' title='bbox 1107 1537 1457 1610; x_wconf 81' lang='lat' dir='ltr'>proloquium</span> <span class='ocrx_word' id='word_1_59' title='bbox 1495 1545 1577 1593; x_wconf 80' lang='lat' dir='ltr'><strong>est</strong></span> <span class='ocrx_word' id='word_1_60' title='bbox 1614 1538 1884 1593; x_wconf 82' lang='lat' dir='ltr'><strong>sententia</strong></span> <span class='ocrx_word' id='word_1_61' title='bbox 1902 1538 1961 1592; x_wconf 89' lang='lat' dir='ltr'><strong>in</strong></span> 
     </span>
     <span class='ocr_line' id='line_1_12' title="bbox 125 1628 1957 1703; baseline -0.002 -16"><span class='ocrx_word' id='word_1_62' title='bbox 125 1649 231 1703; x_wconf 78' lang='lat' dir='ltr'><strong>qua</strong></span> <span class='ocrx_word' id='word_1_63' title='bbox 266 1629 405 1685; x_wconf 82' lang='lat' dir='ltr'><strong>nihil</strong></span> <span class='ocrx_word' id='word_1_64' title='bbox 442 1629 800 1685; x_wconf 80' lang='lat' dir='ltr'><strong>desideratur.</strong></span> <span class='ocrx_word' id='word_1_65' title='bbox 876 1628 996 1685; x_wconf 80' lang='lat' dir='ltr'><strong>Erit</strong></span> <span class='ocrx_word' id='word_1_66' title='bbox 1029 1636 1209 1683; x_wconf 85' lang='lat' dir='ltr'><strong>autem</strong></span> <span class='ocrx_word' id='word_1_67' title='bbox 1247 1629 1462 1700; x_wconf 85' lang='lat' dir='ltr'><strong>planius</strong></span> <span class='ocrx_word' id='word_1_68' title='bbox 1506 1629 1639 1701; x_wconf 83' lang='lat' dir='ltr'><strong>quid</strong></span> <span class='ocrx_word' id='word_1_69' title='bbox 1686 1631 1833 1685; x_wconf 81' lang='lat' dir='ltr'><strong>istud</strong></span> <span class='ocrx_word' id='word_1_70' title='bbox 1870 1631 1957 1699; x_wconf 77' lang='lat' dir='ltr'><strong>sit,</strong></span> 
     </span>
    </p>
   </div>
   <div class='ocr_carea' id='block_1_8' title="bbox 75 1772 1961 1928">
    <p class='ocr_par' dir='ltr' id='par_1_10' title="bbox 75 1772 1961 1928">
     <span class='ocr_line' id='line_1_13' title="bbox 75 1772 1961 1928; baseline -0.003 -74"><span class='ocrx_word' id='word_1_71' title='bbox 75 1783 78 1786; x_wconf 13' lang='grc' dir='ltr'><strong><em>Δ</em></strong></span> <span class='ocrx_word' id='word_1_72' title='bbox 122 1772 409 1928; x_wconf 46' lang='grc' dir='ltr'><strong>ἒὲωέἓέἒῃε,</strong></span> <span class='ocrx_word' id='word_1_73' title='bbox 452 1805 576 1853; x_wconf 87' lang='lat' dir='ltr'><strong>libro</strong></span> <span class='ocrx_word' id='word_1_74' title='bbox 629 1806 803 1853; x_wconf 85' lang='lat' dir='ltr'>XVIII:</span> <span class='ocrx_word' id='word_1_75' title='bbox 850 1806 1068 1866; x_wconf 84' lang='lat' dir='ltr'><strong>quibus</strong></span> <span class='ocrx_word' id='word_1_76' title='bbox 1112 1821 1217 1852; x_wconf 85' lang='lat' dir='ltr'><strong>nos</strong></span> <span class='ocrx_word' id='word_1_77' title='bbox 1249 1840 1259 1851; x_wconf 92' lang='lat'><strong>.</strong></span> <span class='ocrx_word' id='word_1_78' title='bbox 1293 1839 1304 1850; x_wconf 87' lang='lat'><strong><em>.</em></strong></span> <span class='ocrx_word' id='word_1_79' title='bbox 1338 1841 1347 1852; x_wconf 94' lang='lat'>.</span> <span class='ocrx_word' id='word_1_80' title='bbox 1382 1805 1961 1859; x_wconf 70' lang='lat' dir='ltr'>indiscriminatim,</span> 
     </span>
    </p>
   </div>
   <div class='ocr_carea' id='block_1_9' title="bbox 121 1920 1965 2128">
    <p class='ocr_par' dir='ltr' id='par_1_11' title="bbox 121 1920 1965 2128">
     <span class='ocr_line' id='line_1_14' title="bbox 223 1920 1965 2004; baseline 0.001 -16"><span class='ocrx_word' id='word_1_81' title='bbox 223 1941 263 1970; x_wconf 74' lang='lat'><strong>³‘&#39;</strong></span> <span class='ocrx_word' id='word_1_82' title='bbox 290 1943 360 1989; x_wconf 72' lang='lat'><strong>34.</strong></span> <span class='ocrx_word' id='word_1_83' title='bbox 396 1920 533 1989; x_wconf 47' lang='lat' dir='ltr'><strong>Char}</strong></span> <span class='ocrx_word' id='word_1_84' title='bbox 563 1956 609 2002; x_wconf 83' lang='lat' dir='ltr'><strong>p.</strong></span> <span class='ocrx_word' id='word_1_85' title='bbox 642 1945 739 1999; x_wconf 80' lang='lat'>142,</span> <span class='ocrx_word' id='word_1_86' title='bbox 772 1946 849 1991; x_wconf 76' lang='lat'><strong>18:</strong></span> <span class='ocrx_word' id='word_1_87' title='bbox 881 1942 1009 1991; x_wconf 82' lang='lat' dir='ltr'><strong>Rure</strong></span> <span class='ocrx_word' id='word_1_88' title='bbox 1042 1944 1288 1991; x_wconf 72' lang='lat' dir='ltr'><strong>Terentius</strong></span> <span class='ocrx_word' id='word_1_89' title='bbox 1321 1945 1371 1988; x_wconf 87' lang='lat' dir='ltr'><strong>in</strong></span> <span class='ocrx_word' id='word_1_90' title='bbox 1398 1945 1628 1989; x_wconf 82' lang='lat' dir='ltr'>Eunucho</span> <span class='ocrx_word' id='word_1_91' title='bbox 1661 1943 1723 2003; x_wconf 87' lang='lat' dir='ltr'><strong>(V</strong></span> <span class='ocrx_word' id='word_1_92' title='bbox 1741 1953 1782 1998; x_wconf 89' lang='lat'><strong>5,</strong></span> <span class='ocrx_word' id='word_1_93' title='bbox 1812 1946 1858 2004; x_wconf 85' lang='lat'><strong>1)</strong></span> <span class='ocrx_word' id='word_1_94' title='bbox 1893 1949 1965 1990; x_wconf 84' lang='lat' dir='ltr'><strong>‘ex</strong></span> 
     </span>
     <span class='ocr_line' id='line_1_15' title="bbox 121 2005 1962 2064; baseline -0.001 -12"><span class='ocrx_word' id='word_1_95' title='bbox 121 2005 522 2063; x_wconf 68' lang='lat' dir='ltr'><strong>meoipropinquo</strong></span> <span class='ocrx_word' id='word_1_96' title='bbox 554 2018 666 2051; x_wconf 79' lang='lat' dir='ltr'><strong>rure</strong></span> <span class='ocrx_word' id='word_1_97' title='bbox 697 2006 787 2051; x_wconf 89' lang='lat' dir='ltr'><strong>hoc</strong></span> <span class='ocrx_word' id='word_1_98' title='bbox 818 2007 952 2064; x_wconf 79' lang='lat' dir='ltr'><strong>capio</strong></span> <span class='ocrx_word' id='word_1_99' title='bbox 989 2006 1254 2051; x_wconf 86' lang='lat' dir='ltr'><strong>commodi’.</strong></span> <span class='ocrx_word' id='word_1_100' title='bbox 1283 2005 1445 2063; x_wconf 82' lang='lat' dir='ltr'><strong>itaque</strong></span> <span class='ocrx_word' id='word_1_101' title='bbox 1476 2008 1524 2050; x_wconf 84' lang='lat' dir='ltr'><strong>et</strong></span> <span class='ocrx_word' id='word_1_102' title='bbox 1553 2005 1706 2051; x_wconf 69' lang='lat' dir='ltr'><strong>Varro</strong></span> <span class='ocrx_word' id='word_1_103' title='bbox 1738 2006 1798 2051; x_wconf 85' lang='lat' dir='ltr'><strong>ad</strong></span> <span class='ocrx_word' id='word_1_104' title='bbox 1834 2006 1962 2051; x_wconf 86' lang='lat' dir='ltr'><strong>Cice-</strong></span> 
     </span>
     <span class='ocr_line' id='line_1_16' title="bbox 122 2065 1113 2128; baseline 0.001 -19"><span class='ocrx_word' id='word_1_105' title='bbox 122 2079 287 2128; x_wconf 84' lang='lat' dir='ltr'><strong>ronem</strong></span> <span class='ocrx_word' id='word_1_106' title='bbox 315 2065 447 2110; x_wconf 92' lang='lat' dir='ltr'>XXII</span> <span class='ocrx_word' id='word_1_107' title='bbox 478 2080 616 2110; x_wconf 92' lang='lat' dir='ltr'><strong>rure</strong></span> <span class='ocrx_word' id='word_1_108' title='bbox 647 2068 799 2111; x_wconf 90' lang='lat' dir='ltr'><strong>ueni.</strong></span> <span class='ocrx_word' id='word_1_109' title='bbox 864 2073 921 2126; x_wconf 79' lang='lat' dir='ltr'><strong>cf.</strong></span> <span class='ocrx_word' id='word_1_110' title='bbox 950 2066 1008 2111; x_wconf 86' lang='lat' dir='ltr'><strong>fr.</strong></span> <span class='ocrx_word' id='word_1_111' title='bbox 1045 2069 1113 2111; x_wconf 85' lang='lat'><strong>19.</strong></span> 
     </span>
    </p>
   </div>
   <div class='ocr_carea' id='block_1_10' title="bbox 0 2136 1964 2263">
    <p class='ocr_par' dir='ltr' id='par_1_12' title="bbox 0 2136 1964 2263">
     <span class='ocr_line' id='line_1_17' title="bbox 276 2136 1964 2204; baseline 0.001 -14.859"><span class='ocrx_word' id='word_1_112' title='bbox 276 2143 358 2189; x_wconf 67' lang='lat'><strong>35.</strong></span> <span class='ocrx_word' id='word_1_113' title='bbox 389 2136 598 2202; x_wconf 83' lang='lat' dir='ltr'><strong>Philarg.</strong></span> <span class='ocrx_word' id='word_1_114' title='bbox 632 2145 692 2190; x_wconf 86' lang='lat' dir='ltr'><strong>ad</strong></span> <span class='ocrx_word' id='word_1_115' title='bbox 720 2145 862 2204; x_wconf 81' lang='lat' dir='ltr'><strong>Verg.</strong></span> <span class='ocrx_word' id='word_1_116' title='bbox 896 2160 1058 2204; x_wconf 83' lang='lat' dir='ltr'><strong>georg.</strong></span> <span class='ocrx_word' id='word_1_117' title='bbox 1091 2144 1291 2190; x_wconf 84' lang='lat'><strong>111433:</strong></span> <span class='ocrx_word' id='word_1_118' title='bbox 1324 2142 1476 2191; x_wconf 85' lang='lat' dir='ltr'><strong>Varro</strong></span> <span class='ocrx_word' id='word_1_119' title='bbox 1509 2142 1569 2188; x_wconf 83' lang='lat' dir='ltr'><strong>ad</strong></span> <span class='ocrx_word' id='word_1_120' title='bbox 1602 2143 1878 2190; x_wconf 81' lang='lat' dir='ltr'><strong>Ciceronem</strong></span> <span class='ocrx_word' id='word_1_121' title='bbox 1913 2145 1964 2190; x_wconf 92' lang='lat' dir='ltr'><strong>in</strong></span> 
     </span>
     <span class='ocr_line' id='line_1_18' title="bbox 0 2202 1963 2263; baseline 0.002 -16"><span class='ocrx_word' id='word_1_122' title='bbox 0 2211 3 2226; x_wconf 78' lang='lat'><strong><em>⁵</em></strong></span> <span class='ocrx_word' id='word_1_123' title='bbox 56 2214 94 2233; x_wconf 63' lang='grc'><strong>-’“··</strong></span> <span class='ocrx_word' id='word_1_124' title='bbox 120 2202 243 2248; x_wconf 69' lang='lat' dir='ltr'><strong>libro</strong></span> <span class='ocrx_word' id='word_1_125' title='bbox 280 2203 461 2251; x_wconf 80' lang='lat' dir='ltr'>XXIII:</span> <span class='ocrx_word' id='word_1_126' title='bbox 503 2205 814 2263; x_wconf 84' lang='lat' dir='ltr'><strong>ingluuies</strong></span> <span class='ocrx_word' id='word_1_127' title='bbox 855 2206 1011 2263; x_wconf 82' lang='lat' dir='ltr'><strong>inquit</strong></span> <span class='ocrx_word' id='word_1_128' title='bbox 1049 2209 1190 2250; x_wconf 80' lang='lat' dir='ltr'><strong>sunt</strong></span> <span class='ocrx_word' id='word_1_129' title='bbox 1225 2240 1234 2249; x_wconf 90' lang='lat'><strong>.</strong></span> <span class='ocrx_word' id='word_1_130' title='bbox 1271 2239 1281 2250; x_wconf 88' lang='lat'><strong><em>.</em></strong></span> <span class='ocrx_word' id='word_1_131' title='bbox 1317 2239 1326 2249; x_wconf 91' lang='lat'><strong>.</strong></span> <span class='ocrx_word' id='word_1_132' title='bbox 1358 2205 1585 2249; x_wconf 83' lang='lat' dir='ltr'><strong>habent</strong></span> <span class='ocrx_word' id='word_1_133' title='bbox 1619 2214 1818 2263; x_wconf 82' lang='lat' dir='ltr'><strong>rugas.</strong></span> <span class='ocrx_word' id='word_1_134' title='bbox 1878 2206 1963 2250; x_wconf 81' lang='lat' dir='ltr'><strong>sed</strong></span> 
     </span>
    </p>
   </div>
   <div class='ocr_carea' id='block_1_11' title="bbox 119 2265 756 2324">
    <p class='ocr_par' dir='ltr' id='par_1_13' title="bbox 119 2265 756 2324">
     <span class='ocr_line' id='line_1_19' title="bbox 119 2265 756 2324; baseline 0.003 -16"><span class='ocrx_word' id='word_1_135' title='bbox 119 2278 246 2318; x_wconf 75' lang='lat' dir='ltr'><strong>nunc.</strong></span> <span class='ocrx_word' id='word_1_136' title='bbox 270 2280 362 2322; x_wconf 77' lang='lat' dir='ltr'><strong>pro.</strong></span> <span class='ocrx_word' id='word_1_137' title='bbox 391 2265 503 2324; x_wconf 87' lang='lat' dir='ltr'><strong>gula</strong></span> <span class='ocrx_word' id='word_1_138' title='bbox 523 2266 756 2323; x_wconf 74' lang='lat' dir='ltr'><strong>positum.</strong></span> 
     </span>
    </p>
   </div>
   <div class='ocr_carea' id='block_1_12' title="bbox 116 2343 1962 3069">
    <p class='ocr_par' dir='ltr' id='par_1_14' title="bbox 116 2343 1962 3069">
     <span class='ocr_line' id='line_1_20' title="bbox 190 2343 1962 2403; baseline -0.002 -13"><span class='ocrx_word' id='word_1_139' title='bbox 190 2344 211 2403; x_wconf 37' lang='lat'><strong>⁷·</strong></span> <span class='ocrx_word' id='word_1_140' title='bbox 287 2347 358 2390; x_wconf 80' lang='lat'><strong>36.</strong></span> <span class='ocrx_word' id='word_1_141' title='bbox 407 2345 525 2390; x_wconf 85' lang='lat' dir='ltr'><strong>Gell.</strong></span> <span class='ocrx_word' id='word_1_142' title='bbox 550 2345 656 2390; x_wconf 93' lang='lat' dir='ltr'>XVI</span> <span class='ocrx_word' id='word_1_143' title='bbox 677 2349 730 2390; x_wconf 80' lang='lat'><strong>8:</strong></span> <span class='ocrx_word' id='word_1_144' title='bbox 782 2346 898 2390; x_wconf 81' lang='lat' dir='ltr'><strong>Cum</strong></span> <span class='ocrx_word' id='word_1_145' title='bbox 930 2346 979 2390; x_wconf 90' lang='lat' dir='ltr'><strong>in</strong></span> <span class='ocrx_word' id='word_1_146' title='bbox 1019 2345 1290 2403; x_wconf 84' lang='lat' dir='ltr'><strong>disciplinas</strong></span> <span class='ocrx_word' id='word_1_147' title='bbox 1331 2344 1602 2389; x_wconf 81' lang='lat' dir='ltr'><strong>dialecticas</strong></span> <span class='ocrx_word' id='word_1_148' title='bbox 1633 2343 1792 2388; x_wconf 84' lang='lat' dir='ltr'><strong>induci</strong></span> <span class='ocrx_word' id='word_1_149' title='bbox 1822 2346 1962 2401; x_wconf 84' lang='lat' dir='ltr'><strong>atque</strong></span> 
     </span>
     <span class='ocr_line' id='line_1_21' title="bbox 120 2398 1960 2463; baseline 0 -16"><span class='ocrx_word' id='word_1_150' title='bbox 120 2398 267 2448; x_wconf 79' lang='lat' dir='ltr'><strong>imbui</strong></span> <span class='ocrx_word' id='word_1_151' title='bbox 298 2405 541 2458; x_wconf 75' lang='lat' dir='ltr'><strong>uellemUS,</strong></span> <span class='ocrx_word' id='word_1_152' title='bbox 590 2420 812 2451; x_wconf 79' lang='lat' dir='ltr'><strong>necessus</strong></span> <span class='ocrx_word' id='word_1_153' title='bbox 853 2405 943 2450; x_wconf 86' lang='lat' dir='ltr'><strong>fuit</strong></span> <span class='ocrx_word' id='word_1_154' title='bbox 981 2405 1112 2450; x_wconf 85' lang='lat' dir='ltr'><strong>adire</strong></span> <span class='ocrx_word' id='word_1_155' title='bbox 1155 2409 1295 2462; x_wconf 84' lang='lat' dir='ltr'><strong>atque</strong></span> <span class='ocrx_word' id='word_1_156' title='bbox 1327 2417 1612 2463; x_wconf 81' lang='lat' dir='ltr'><strong>cognoscere</strong></span> <span class='ocrx_word' id='word_1_157' title='bbox 1644 2416 1756 2461; x_wconf 86' lang='lat' dir='ltr'><strong>quas</strong></span> <span class='ocrx_word' id='word_1_158' title='bbox 1786 2406 1960 2447; x_wconf 83' lang='lat' dir='ltr'><strong>uocant</strong></span> 
     </span>
     <span class='ocr_line' id='line_1_22' title="bbox 121 2459 1958 2524; baseline -0.001 -16"><span class='ocrx_word' id='word_1_159' title='bbox 121 2463 356 2508; x_wconf 83' lang='lat' dir='ltr'><strong>dialectici</strong></span> <span class='ocrx_word' id='word_1_160' title='bbox 374 2460 647 2523; x_wconf 75' lang='grc' dir='ltr'><strong>εἰσαγωγάς.</strong></span> <span class='ocrx_word' id='word_1_161' title='bbox 682 2468 798 2520; x_wconf 84' lang='lat' dir='ltr'><strong>tum,</strong></span> <span class='ocrx_word' id='word_1_162' title='bbox 834 2467 942 2523; x_wconf 82' lang='lat' dir='ltr'><strong>quia</strong></span> <span class='ocrx_word' id='word_1_163' title='bbox 974 2466 1023 2510; x_wconf 89' lang='lat' dir='ltr'><strong>in</strong></span> <span class='ocrx_word' id='word_1_164' title='bbox 1054 2466 1206 2523; x_wconf 88' lang='lat' dir='ltr'><strong>primo</strong></span> <span class='ocrx_word' id='word_1_165' title='bbox 1238 2469 1342 2523; x_wconf 81' lang='grc' dir='ltr'><strong>περὶ</strong></span> <span class='ocrx_word' id='word_1_166' title='bbox 1372 2459 1640 2524; x_wconf 77' lang='grc' dir='ltr'><em>ἀξιωμάτων</em></span> <span class='ocrx_word' id='word_1_167' title='bbox 1670 2464 1958 2517; x_wconf 87' lang='lat' dir='ltr'><strong>discendum,</strong></span> 
     </span>
     <span class='ocr_line' id='line_1_23' title="bbox 152 2523 1960 2583; baseline 0 -16"><span class='ocrx_word' id='word_1_168' title='bbox 152 2538 238 2569; x_wconf 82' lang='lat' dir='ltr'><strong>uae</strong></span> <span class='ocrx_word' id='word_1_169' title='bbox 266 2524 331 2568; x_wconf 90' lang='lat' dir='ltr'><strong>M.</strong></span> <span class='ocrx_word' id='word_1_170' title='bbox 365 2525 554 2570; x_wconf 86' lang='lat' dir='ltr'><strong>Varro</strong></span> <span class='ocrx_word' id='word_1_171' title='bbox 593 2559 614 2575; x_wconf 85' lang='grc'><strong>.,</strong></span> <span class='ocrx_word' id='word_1_172' title='bbox 638 2559 648 2569; x_wconf 92' lang='grc'><strong>.</strong></span> <span class='ocrx_word' id='word_1_173' title='bbox 686 2559 695 2569; x_wconf 92' lang='grc'><strong>.</strong></span> <span class='ocrx_word' id='word_1_174' title='bbox 730 2526 1031 2583; x_wconf 84' lang='lat' dir='ltr'><strong>appellat,</strong></span> <span class='ocrx_word' id='word_1_175' title='bbox 1080 2525 1470 2570; x_wconf 83' lang='lat' dir='ltr'><strong>commentarium</strong></span> <span class='ocrx_word' id='word_1_176' title='bbox 1515 2524 1573 2568; x_wconf 84' lang='lat' dir='ltr'><strong>de</strong></span> <span class='ocrx_word' id='word_1_177' title='bbox 1614 2523 1875 2581; x_wconf 78' lang='lat' dir='ltr'><strong>proloquiis</strong></span> <span class='ocrx_word' id='word_1_178' title='bbox 1907 2524 1960 2567; x_wconf 89' lang='lat' dir='ltr'><strong>L.</strong></span> 
     </span>
     <span class='ocr_line' id='line_1_24' title="bbox 126 2580 1960 2644; baseline 0 -16"><span class='ocrx_word' id='word_1_179' title='bbox 126 2641 131 2643; x_wconf 84' lang='lat'><em>.</em></span> <span class='ocrx_word' id='word_1_180' title='bbox 164 2580 243 2628; x_wconf 85' lang='lat' dir='ltr'><strong>elii</strong></span> <span class='ocrx_word' id='word_1_181' title='bbox 272 2582 403 2628; x_wconf 81' lang='lat' dir='ltr'><strong>docti</strong></span> <span class='ocrx_word' id='word_1_182' title='bbox 431 2585 646 2638; x_wconf 87' lang='lat' dir='ltr'><strong>hominis,</strong></span> <span class='ocrx_word' id='word_1_183' title='bbox 682 2586 761 2643; x_wconf 84' lang='lat' dir='ltr'><strong>qui</strong></span> <span class='ocrx_word' id='word_1_184' title='bbox 790 2585 1019 2644; x_wconf 83' lang='lat' dir='ltr'><strong>magister</strong></span> <span class='ocrx_word' id='word_1_185' title='bbox 1033 2584 1259 2631; x_wconf 80' lang='lat' dir='ltr'><strong>Varronis</strong></span> <span class='ocrx_word' id='word_1_186' title='bbox 1282 2585 1386 2638; x_wconf 86' lang='lat' dir='ltr'><strong>fuit,</strong></span> <span class='ocrx_word' id='word_1_187' title='bbox 1410 2584 1622 2629; x_wconf 85' lang='lat' dir='ltr'><strong>studiose</strong></span> <span class='ocrx_word' id='word_1_188' title='bbox 1645 2584 1960 2640; x_wconf 83' lang='lat' dir='ltr'><strong>quaesiuimus</strong></span> 
     </span>
     <span class='ocr_line' id='line_1_25' title="bbox 119 2636 1960 2703; baseline 0 -17"><span class='ocrx_word' id='word_1_189' title='bbox 119 2636 396 2702; x_wconf 68' lang='lat' dir='ltr'><strong>eumquein</strong></span> <span class='ocrx_word' id='word_1_190' title='bbox 426 2644 563 2688; x_wconf 82' lang='lat' dir='ltr'><strong>Pacis</strong></span> <span class='ocrx_word' id='word_1_191' title='bbox 594 2644 885 2690; x_wconf 74' lang='lat' dir='ltr'><strong>bibliotheca</strong></span> <span class='ocrx_word' id='word_1_192' title='bbox 903 2648 1148 2703; x_wconf 88' lang='lat' dir='ltr'><strong>repertum</strong></span> <span class='ocrx_word' id='word_1_193' title='bbox 1175 2645 1390 2703; x_wconf 83' lang='lat' dir='ltr'><strong>legimus.</strong></span> <span class='ocrx_word' id='word_1_194' title='bbox 1427 2644 1510 2688; x_wconf 82' lang='lat' dir='ltr'><strong>sed</strong></span> <span class='ocrx_word' id='word_1_195' title='bbox 1538 2644 1587 2687; x_wconf 92' lang='lat' dir='ltr'><strong>in</strong></span> <span class='ocrx_word' id='word_1_196' title='bbox 1622 2658 1676 2688; x_wconf 91' lang='lat' dir='ltr'><strong>eo</strong></span> <span class='ocrx_word' id='word_1_197' title='bbox 1707 2643 1827 2687; x_wconf 88' lang='lat' dir='ltr'><strong>nihil</strong></span> <span class='ocrx_word' id='word_1_198' title='bbox 1852 2644 1960 2687; x_wconf 87' lang='lat' dir='ltr'><strong>edo-</strong></span> 
     </span>
     <span class='ocr_line' id='line_1_26' title="bbox 119 2701 1960 2762; baseline -0.001 -15"><span class='ocrx_word' id='word_1_199' title='bbox 119 2701 280 2754; x_wconf 77' lang='lat' dir='ltr'><strong>center</strong></span> <span class='ocrx_word' id='word_1_200' title='bbox 307 2715 459 2760; x_wconf 84' lang='lat' dir='ltr'><strong>neque</strong></span> <span class='ocrx_word' id='word_1_201' title='bbox 494 2705 555 2748; x_wconf 84' lang='lat' dir='ltr'><strong>ad</strong></span> <span class='ocrx_word' id='word_1_202' title='bbox 585 2704 927 2750; x_wconf 84' lang='lat' dir='ltr'><strong>instituendum</strong></span> <span class='ocrx_word' id='word_1_203' title='bbox 958 2706 1206 2762; x_wconf 83' lang='lat' dir='ltr'><strong>explanate</strong></span> <span class='ocrx_word' id='word_1_204' title='bbox 1239 2706 1468 2762; x_wconf 88' lang='lat' dir='ltr'><strong>scriptum</strong></span> <span class='ocrx_word' id='word_1_205' title='bbox 1497 2707 1581 2757; x_wconf 85' lang='lat' dir='ltr'><strong>est,</strong></span> <span class='ocrx_word' id='word_1_206' title='bbox 1612 2703 1871 2760; x_wconf 82' lang='lat' dir='ltr'><strong>fecisseque</strong></span> <span class='ocrx_word' id='word_1_207' title='bbox 1895 2703 1960 2746; x_wconf 89' lang='lat' dir='ltr'><strong>ui-</strong></span> 
     </span>
     <span class='ocr_line' id='line_1_27' title="bbox 120 2761 1960 2823; baseline 0 -17"><span class='ocrx_word' id='word_1_208' title='bbox 120 2761 260 2806; x_wconf 82' lang='lat' dir='ltr'><strong>detur</strong></span> <span class='ocrx_word' id='word_1_209' title='bbox 290 2773 397 2809; x_wconf 78' lang='lat' dir='ltr'><strong>eum</strong></span> <span class='ocrx_word' id='word_1_210' title='bbox 427 2761 602 2809; x_wconf 86' lang='lat' dir='ltr'><strong>librum</strong></span> <span class='ocrx_word' id='word_1_211' title='bbox 632 2765 796 2809; x_wconf 88' lang='lat' dir='ltr'><strong>Aelius</strong></span> <span class='ocrx_word' id='word_1_212' title='bbox 831 2767 904 2810; x_wconf 89' lang='lat' dir='ltr'><strong>sui</strong></span> <span class='ocrx_word' id='word_1_213' title='bbox 932 2764 1081 2823; x_wconf 82' lang='lat' dir='ltr'><strong>magis</strong></span> <span class='ocrx_word' id='word_1_214' title='bbox 1114 2765 1410 2818; x_wconf 79' lang='lat' dir='ltr'><strong>admonendi,</strong></span> <span class='ocrx_word' id='word_1_215' title='bbox 1459 2779 1598 2821; x_wconf 84' lang='lat' dir='ltr'><strong>quam</strong></span> <span class='ocrx_word' id='word_1_216' title='bbox 1636 2763 1838 2808; x_wconf 85' lang='lat' dir='ltr'><strong>aliorum</strong></span> <span class='ocrx_word' id='word_1_217' title='bbox 1880 2763 1960 2807; x_wconf 87' lang='lat' dir='ltr'><strong>do-</strong></span> 
     </span>
     <span class='ocr_line' id='line_1_28' title="bbox 119 2821 1957 2883; baseline 0.001 -18"><span class='ocrx_word' id='word_1_218' title='bbox 119 2821 254 2866; x_wconf 84' lang='lat' dir='ltr'><strong>cendi</strong></span> <span class='ocrx_word' id='word_1_219' title='bbox 277 2823 446 2880; x_wconf 83' lang='lat' dir='ltr'><strong>gratia.</strong></span> <span class='ocrx_word' id='word_1_220' title='bbox 484 2823 690 2868; x_wconf 81' lang='lat' dir='ltr'><strong>redimus</strong></span> <span class='ocrx_word' id='word_1_221' title='bbox 724 2825 872 2883; x_wconf 74' lang='lat' dir='ltr'><strong>igitur</strong></span> <span class='ocrx_word' id='word_1_222' title='bbox 900 2825 1166 2869; x_wconf 86' lang='lat' dir='ltr'><strong>necessario</strong></span> <span class='ocrx_word' id='word_1_223' title='bbox 1199 2824 1259 2871; x_wconf 81' lang='lat' dir='ltr'><strong>ad</strong></span> <span class='ocrx_word' id='word_1_224' title='bbox 1290 2839 1487 2882; x_wconf 81' lang='lat' dir='ltr'><strong>graecos</strong></span> <span class='ocrx_word' id='word_1_225' title='bbox 1518 2823 1666 2868; x_wconf 85' lang='lat' dir='ltr'><strong>libros</strong></span> <span class='ocrx_word' id='word_1_226' title='bbox 1699 2838 1757 2866; x_wconf 83' lang='lat' dir='ltr'><strong>ex</strong></span> <span class='ocrx_word' id='word_1_227' title='bbox 1789 2824 1957 2880; x_wconf 90' lang='lat' dir='ltr'><strong>quibus</strong></span> 
     </span>
     <span class='ocr_line' id='line_1_29' title="bbox 119 2879 1960 2942; baseline 0.002 -17"><span class='ocrx_word' id='word_1_228' title='bbox 119 2882 380 2939; x_wconf 85' lang='lat' dir='ltr'><strong>accepimus</strong></span> <span class='ocrx_word' id='word_1_229' title='bbox 416 2880 594 2942; x_wconf 79' lang='grc' dir='ltr'><em>ἀξίωμα</em></span> <span class='ocrx_word' id='word_1_230' title='bbox 624 2899 726 2929; x_wconf 85' lang='lat' dir='ltr'><strong>esse</strong></span> <span class='ocrx_word' id='word_1_231' title='bbox 758 2885 830 2929; x_wconf 90' lang='lat' dir='ltr'><strong>his</strong></span> <span class='ocrx_word' id='word_1_232' title='bbox 866 2885 1050 2930; x_wconf 88' lang='lat' dir='ltr'><strong>uerbis:</strong></span> <span class='ocrx_word' id='word_1_233' title='bbox 1085 2886 1244 2930; x_wconf 84' lang='grc' dir='ltr'><strong><em>λεκτὸν</em></strong></span> <span class='ocrx_word' id='word_1_234' title='bbox 1276 2882 1508 2932; x_wconf 76' lang='grc' dir='ltr'><em>αὐτοτελὲς</em></span> <span class='ocrx_word' id='word_1_235' title='bbox 1538 2879 1815 2942; x_wconf 75' lang='grc' dir='ltr'><em>ἀπόφαντον</em></span> <span class='ocrx_word' id='word_1_236' title='bbox 1845 2880 1960 2928; x_wconf 84' lang='grc' dir='ltr'>ὅσον</span> 
     </span>
     <span class='ocr_line' id='line_1_30' title="bbox 118 2939 1955 3003; baseline 0 -17"><span class='ocrx_word' id='word_1_237' title='bbox 118 2939 359 3002; x_wconf 65' lang='grc' dir='ltr'><strong>ἒφάἰιτῷ.</strong></span> <span class='ocrx_word' id='word_1_238' title='bbox 391 2942 479 2988; x_wconf 89' lang='lat' dir='ltr'><strong>hoc</strong></span> <span class='ocrx_word' id='word_1_239' title='bbox 513 2958 599 3001; x_wconf 79' lang='lat' dir='ltr'><strong>ego</strong></span> <span class='ocrx_word' id='word_1_240' title='bbox 636 2945 881 3002; x_wconf 81' lang='lat' dir='ltr'><strong>supersedi</strong></span> <span class='ocrx_word' id='word_1_241' title='bbox 910 2948 1114 2999; x_wconf 87' lang='lat' dir='ltr'><strong>uertere,</strong></span> <span class='ocrx_word' id='word_1_242' title='bbox 1148 2946 1259 3003; x_wconf 86' lang='lat' dir='ltr'><strong>quia</strong></span> <span class='ocrx_word' id='word_1_243' title='bbox 1289 2945 1424 2989; x_wconf 87' lang='lat' dir='ltr'><strong>nouis</strong></span> <span class='ocrx_word' id='word_1_244' title='bbox 1463 2947 1511 2988; x_wconf 89' lang='lat' dir='ltr'><strong>et</strong></span> <span class='ocrx_word' id='word_1_245' title='bbox 1543 2943 1797 2988; x_wconf 79' lang='lat' dir='ltr'><strong>inconditis</strong></span> <span class='ocrx_word' id='word_1_246' title='bbox 1830 2945 1955 2987; x_wconf 87' lang='lat' dir='ltr'><strong>uoci-</strong></span> 
     </span>
     <span class='ocr_line' id='line_1_31' title="bbox 116 2999 1959 3069; baseline -0.001 -20"><span class='ocrx_word' id='word_1_247' title='bbox 116 2999 204 3069; x_wconf 63' lang='lat' dir='ltr'><strong>bus</strong></span> <span class='ocrx_word' id='word_1_248' title='bbox 231 3000 460 3048; x_wconf 83' lang='lat' dir='ltr'><strong>utendum</strong></span> <span class='ocrx_word' id='word_1_249' title='bbox 491 3002 594 3058; x_wconf 87' lang='lat' dir='ltr'><strong>fuit,</strong></span> <span class='ocrx_word' id='word_1_250' title='bbox 629 3020 741 3062; x_wconf 79' lang='lat' dir='ltr'><strong>quas</strong></span> <span class='ocrx_word' id='word_1_251' title='bbox 774 3006 877 3062; x_wconf 82' lang='lat' dir='ltr'><strong>pati</strong></span> <span class='ocrx_word' id='word_1_252' title='bbox 910 3020 1047 3050; x_wconf 86' lang='lat' dir='ltr'><strong>aures</strong></span> <span class='ocrx_word' id='word_1_253' title='bbox 1076 3020 1162 3063; x_wconf 84' lang='lat' dir='ltr'><strong>per</strong></span> <span class='ocrx_word' id='word_1_254' title='bbox 1190 3005 1490 3061; x_wconf 83' lang='lat' dir='ltr'><strong>insolentiam</strong></span> <span class='ocrx_word' id='word_1_255' title='bbox 1519 3004 1601 3048; x_wconf 81' lang='lat' dir='ltr'><strong>uix</strong></span> <span class='ocrx_word' id='word_1_256' title='bbox 1632 3005 1841 3061; x_wconf 84' lang='lat' dir='ltr'><strong>possent.</strong></span> <span class='ocrx_word' id='word_1_257' title='bbox 1876 3004 1959 3048; x_wconf 84' lang='lat' dir='ltr'><strong>sed</strong></span> 
     </span>
    </p>
   </div>
   <div class='ocr_carea' id='block_1_13' title="bbox 114 3148 1961 3629">
    <p class='ocr_par' dir='ltr' id='par_1_15' title="bbox 114 3148 1961 3629">
     <span class='ocr_line' id='line_1_32' title="bbox 283 3148 1956 3215; baseline 0.002 -18"><span class='ocrx_word' id='word_1_258' title='bbox 283 3151 316 3197; x_wconf 84' lang='lat'>4</span> <span class='ocrx_word' id='word_1_259' title='bbox 349 3150 595 3212; x_wconf 81' lang='lat' dir='ltr'><strong>ingluuies</strong></span> <span class='ocrx_word' id='word_1_260' title='bbox 631 3148 796 3215; x_wconf 81' lang='lat' dir='ltr'><strong>inquit</strong></span> <span class='ocrx_word' id='word_1_261' title='bbox 837 3155 953 3199; x_wconf 84' lang='lat' dir='ltr'><strong>sunt</strong></span> <span class='ocrx_word' id='word_1_262' title='bbox 987 3153 1087 3201; x_wconf 86' lang='lat' dir='ltr'><strong>tori</strong></span> <span class='ocrx_word' id='word_1_263' title='bbox 1116 3154 1324 3202; x_wconf 73' lang='lat' dir='ltr'><strong>Vrsinus</strong></span> <span class='ocrx_word' id='word_1_264' title='bbox 1349 3153 1537 3202; x_wconf 74' lang='lat' dir='ltr'><strong>Daniel</strong></span> <span class='ocrx_word' id='word_1_265' title='bbox 1572 3152 1816 3214; x_wconf 79' lang='lat' dir='ltr'><strong>ingluuies</strong></span> <span class='ocrx_word' id='word_1_266' title='bbox 1855 3153 1956 3200; x_wconf 88' lang='lat' dir='ltr'><strong>tori</strong></span> 
     </span>
     <span class='ocr_line' id='line_1_33' title="bbox 117 3216 1955 3283; baseline 0.002 -17"><span class='ocrx_word' id='word_1_267' title='bbox 117 3216 280 3282; x_wconf 85' lang='lat' dir='ltr'><strong>inquit</strong></span> <span class='ocrx_word' id='word_1_268' title='bbox 313 3223 429 3267; x_wconf 85' lang='lat' dir='ltr'><strong>sunt</strong></span> <span class='ocrx_word' id='word_1_269' title='bbox 453 3221 584 3269; x_wconf 76' lang='lat' dir='ltr'><strong>Lion</strong></span> <span class='ocrx_word' id='word_1_270' title='bbox 607 3223 631 3279; x_wconf 86' lang='grc' dir='ltr'>Η</span> <span class='ocrx_word' id='word_1_271' title='bbox 658 3223 686 3268; x_wconf 85' lang='lat'><strong>7</strong></span> <span class='ocrx_word' id='word_1_272' title='bbox 725 3221 855 3270; x_wconf 69' lang='lat' dir='ltr'><strong>Gelli</strong></span> <span class='ocrx_word' id='word_1_273' title='bbox 892 3224 1079 3272; x_wconf 73' lang='lat' dir='ltr'><strong>codices</strong></span> <span class='ocrx_word' id='word_1_274' title='bbox 1112 3225 1351 3272; x_wconf 73' lang='lat' dir='ltr'><strong>librorum</strong></span> <span class='ocrx_word' id='word_1_275' title='bbox 1382 3224 1563 3272; x_wconf 92' lang='lat' dir='ltr'>VIIII</span> <span class='ocrx_word' id='word_1_276' title='bbox 1563 3221 1739 3271; x_wconf 79' lang='lat' dir='ltr'><strong>——XX</strong></span> <span class='ocrx_word' id='word_1_277' title='bbox 1780 3224 1955 3283; x_wconf 78' lang='lat' dir='ltr'><strong>quibus</strong></span> 
     </span>
     <span class='ocr_line' id='line_1_34' title="bbox 117 3292 1961 3354; baseline 0.002 -17"><span class='ocrx_word' id='word_1_278' title='bbox 117 3300 234 3338; x_wconf 68' lang='lat' dir='ltr'><strong>neus</strong></span> <span class='ocrx_word' id='word_1_279' title='bbox 265 3304 372 3338; x_wconf 82' lang='lat' dir='ltr'><strong>sum</strong></span> <span class='ocrx_word' id='word_1_280' title='bbox 406 3295 518 3339; x_wconf 78' lang='lat' dir='ltr'><strong>suni</strong></span> <span class='ocrx_word' id='word_1_281' title='bbox 551 3292 634 3340; x_wconf 68' lang='lat' dir='ltr'><strong>hi:</strong></span> <span class='ocrx_word' id='word_1_282' title='bbox 679 3293 722 3339; x_wconf 91' lang='lat' dir='ltr'><strong><em>V</em></strong></span> <span class='ocrx_word' id='word_1_283' title='bbox 744 3315 790 3334; x_wconf 79' lang='lat'>=</span> <span class='ocrx_word' id='word_1_284' title='bbox 820 3293 923 3341; x_wconf 82' lang='lat' dir='ltr'><strong>eod.</strong></span> <span class='ocrx_word' id='word_1_285' title='bbox 966 3294 1131 3354; x_wconf 72' lang='lat' dir='ltr'><strong>Luyd.</strong></span> <span class='ocrx_word' id='word_1_286' title='bbox 1169 3294 1302 3341; x_wconf 79' lang='lat' dir='ltr'><strong>Voss.</strong></span> <span class='ocrx_word' id='word_1_287' title='bbox 1347 3295 1405 3341; x_wconf 84' lang='lat' dir='ltr'><strong>F.</strong></span> <span class='ocrx_word' id='word_1_288' title='bbox 1429 3296 1460 3341; x_wconf 84' lang='lat'><em>7</em></span> <span class='ocrx_word' id='word_1_289' title='bbox 1492 3308 1615 3342; x_wconf 79' lang='lat' dir='ltr'><strong>saec.</strong></span> <span class='ocrx_word' id='word_1_290' title='bbox 1654 3292 1758 3349; x_wconf 77' lang='lat' dir='ltr'><strong>fere</strong></span> <span class='ocrx_word' id='word_1_291' title='bbox 1801 3293 1961 3340; x_wconf 88' lang='lat' dir='ltr'>XIII</span> 
     </span>
     <span class='ocr_line' id='line_1_35' title="bbox 114 3356 1954 3422; baseline 0.003 -17"><span class='ocrx_word' id='word_1_292' title='bbox 114 3356 274 3408; x_wconf 81' lang='lat' dir='ltr'><strong>iudice</strong></span> <span class='ocrx_word' id='word_1_293' title='bbox 320 3360 543 3409; x_wconf 72' lang='lat' dir='ltr'><strong>Martino</strong></span> <span class='ocrx_word' id='word_1_294' title='bbox 582 3362 739 3410; x_wconf 67' lang='lat' dir='ltr'><strong>Hertz</strong></span> <span class='ocrx_word' id='word_1_295' title='bbox 790 3363 890 3410; x_wconf 81' lang='lat' dir='ltr'><strong>ber.</strong></span> <span class='ocrx_word' id='word_1_296' title='bbox 938 3363 985 3409; x_wconf 75' lang='lat' dir='ltr'><strong>d.</strong></span> <span class='ocrx_word' id='word_1_297' title='bbox 1031 3364 1149 3410; x_wconf 75' lang='lat' dir='ltr'><strong>herl.</strong></span> <span class='ocrx_word' id='word_1_298' title='bbox 1187 3365 1326 3411; x_wconf 78' lang='lat' dir='ltr'><strong>acad.</strong></span> <span class='ocrx_word' id='word_1_299' title='bbox 1376 3365 1509 3411; x_wconf 74' lang='lat'><strong>1347</strong></span> <span class='ocrx_word' id='word_1_300' title='bbox 1557 3378 1606 3422; x_wconf 67' lang='grc' dir='ltr'><strong>ρ.</strong></span> <span class='ocrx_word' id='word_1_301' title='bbox 1639 3364 1754 3418; x_wconf 78' lang='grc'><strong>412,</strong></span> <span class='ocrx_word' id='word_1_302' title='bbox 1816 3378 1954 3422; x_wconf 77' lang='lat' dir='ltr'><strong>quem</strong></span> 
     </span>
     <span class='ocr_line' id='line_1_36' title="bbox 115 3428 1953 3492; baseline 0.002 -17"><span class='ocrx_word' id='word_1_303' title='bbox 115 3428 222 3486; x_wconf 70' lang='lat' dir='ltr'><strong>ipse</strong></span> <span class='ocrx_word' id='word_1_304' title='bbox 253 3429 436 3478; x_wconf 72' lang='lat' dir='ltr'><strong>contuli</strong></span> <span class='ocrx_word' id='word_1_305' title='bbox 471 3431 587 3478; x_wconf 57' lang='lat' dir='ltr'><strong>Lm</strong></span> <span class='ocrx_word' id='word_1_306' title='bbox 607 3433 712 3480; x_wconf 78' lang='lat' dir='ltr'><strong>cod.</strong></span> <span class='ocrx_word' id='word_1_307' title='bbox 752 3430 917 3492; x_wconf 71' lang='lat' dir='ltr'><strong>Luyd.</strong></span> <span class='ocrx_word' id='word_1_308' title='bbox 951 3432 1084 3480; x_wconf 77' lang='lat' dir='ltr'><strong>Voss.</strong></span> <span class='ocrx_word' id='word_1_309' title='bbox 1112 3433 1176 3480; x_wconf 80' lang='lat' dir='ltr'><strong>F.</strong></span> <span class='ocrx_word' id='word_1_310' title='bbox 1201 3436 1302 3482; x_wconf 69' lang='lat'><strong>112</strong></span> <span class='ocrx_word' id='word_1_311' title='bbox 1335 3447 1459 3481; x_wconf 79' lang='lat' dir='ltr'><strong>saec.</strong></span> <span class='ocrx_word' id='word_1_312' title='bbox 1484 3431 1534 3478; x_wconf 89' lang='lat' dir='ltr'>X</span> <span class='ocrx_word' id='word_1_313' title='bbox 1569 3433 1730 3480; x_wconf 74' lang='lat' dir='ltr'><strong>iudice</strong></span> <span class='ocrx_word' id='word_1_314' title='bbox 1750 3431 1953 3480; x_wconf 68' lang='lat' dir='ltr'><strong>Hertzio</strong></span> 
     </span>
     <span class='ocr_line' id='line_1_37' title="bbox 118 3497 1954 3558; baseline 0.003 -14"><span class='ocrx_word' id='word_1_315' title='bbox 118 3497 254 3546; x_wconf 71' lang='lat' dir='ltr'><strong>ouius</strong></span> <span class='ocrx_word' id='word_1_316' title='bbox 292 3499 516 3548; x_wconf 78' lang='lat' dir='ltr'><strong>lectiones</strong></span> <span class='ocrx_word' id='word_1_317' title='bbox 533 3502 789 3549; x_wconf 63' lang='lat' dir='ltr'><strong>Daciam-5*</strong></span> <span class='ocrx_word' id='word_1_318' title='bbox 807 3502 1024 3549; x_wconf 78' lang='lat' dir='ltr'><strong>Mueller</strong></span> <span class='ocrx_word' id='word_1_319' title='bbox 1057 3517 1240 3550; x_wconf 77' lang='lat' dir='ltr'><strong>mecum</strong></span> <span class='ocrx_word' id='word_1_320' title='bbox 1276 3503 1644 3552; x_wconf 68' lang='lat' dir='ltr'><strong>commzmicauit</strong></span> <span class='ocrx_word' id='word_1_321' title='bbox 1668 3500 1691 3558; x_wconf 84' lang='grc' dir='ltr'>Η</span> <span class='ocrx_word' id='word_1_322' title='bbox 1718 3501 1746 3547; x_wconf 85' lang='grc'>9</span> <span class='ocrx_word' id='word_1_323' title='bbox 1784 3501 1847 3549; x_wconf 83' lang='lat' dir='ltr'><strong>ad</strong></span> <span class='ocrx_word' id='word_1_324' title='bbox 1879 3517 1954 3550; x_wconf 88' lang='lat' dir='ltr'><strong>ce-</strong></span> 
     </span>
     <span class='ocr_line' id='line_1_38' title="bbox 117 3567 1225 3629; baseline 0.007 -16"><span class='ocrx_word' id='word_1_325' title='bbox 117 3581 283 3615; x_wconf 86' lang='lat' dir='ltr'><strong>ronem</strong></span> <span class='ocrx_word' id='word_1_326' title='bbox 321 3569 369 3618; x_wconf 89' lang='lat' dir='ltr'><em>L</em></span> <span class='ocrx_word' id='word_1_327' title='bbox 393 3567 416 3625; x_wconf 87' lang='grc' dir='ltr'><strong>ΙΙ</strong></span> <span class='ocrx_word' id='word_1_328' title='bbox 439 3569 626 3621; x_wconf 85' lang='lat' dir='ltr'>XXIIII</span> <span class='ocrx_word' id='word_1_329' title='bbox 662 3572 710 3621; x_wconf 85' lang='lat' dir='ltr'><em>L</em></span> <span class='ocrx_word' id='word_1_330' title='bbox 735 3571 759 3628; x_wconf 86' lang='grc' dir='ltr'>Η</span> <span class='ocrx_word' id='word_1_331' title='bbox 788 3574 843 3621; x_wconf 86' lang='grc'><strong>11</strong></span> <span class='ocrx_word' id='word_1_332' title='bbox 887 3570 1039 3618; x_wconf 87' lang='lat' dir='ltr'><strong>nichil</strong></span> <span class='ocrx_word' id='word_1_333' title='bbox 1090 3573 1177 3620; x_wconf 84' lang='lat' dir='ltr'><strong>VL</strong></span> <span class='ocrx_word' id='word_1_334' title='bbox 1201 3572 1225 3629; x_wconf 92' lang='grc' dir='ltr'><strong>ΙΙ</strong></span> 
     </span>
    </p>
   </div>
  </div>
 </body>
</html>
