2372 4082
1092 331 1193 378 20⁷

230 477 420 532 dolore
458 478 654 531 mentis
692 476 954 531 adfectus.
1039 478 1215 529 ‘mane
1241 492 1417 546 mane,
1454 494 1620 547 porro
1654 484 1715 529 ut
1749 475 1949 530 audias'
1981 495 2071 530 cu-

231 567 470 641 piditatis
507 568 753 622 adfectus
793 573 891 622 est.

163 736 229 788 82
370 719 439 774 Id
477 726 764 792 praesente
800 719 999 789 legatis
1038 717 1289 772 omnibus
1335 714 1600 772 exercitui
1639 719 1967 791 pronuntiat.

167 892 230 944 83
373 871 541 926 Later
575 873 750 925 lutum
787 872 1199 942 iugmentatum.

93 1042 160 1092 84
188 1041 217 1086 5
374 1017 617 1076 Auctore
654 1023 730 1076 M.
768 1022 1021 1076 Varrone
1070 1023 1116 1075 is
1170 1021 1388 1076 demum
1440 1022 1608 1075 latine
1659 1041 1824 1095 caper
1879 1025 2075 1081 dicitur

234 1114 327 1183 qui
364 1122 696 1168 excastratus
736 1122 832 1168 est.

157 1282 221 1333 85
377 1263 583 1316 Iterum
623 1281 694 1316 ex
733 1262 881 1333 gallo
922 1262 1227 1333 gallinaceo
1267 1271 1497 1318 castrato
1537 1265 1600 1317 fit
1634 1284 1815 1337 capus.

170 1431 231 1482 86
373 1412 605 1468 Poscere
644 1418 726 1465 est
762 1411 1011 1483 quotiens
1051 1411 1257 1484 aliquid
1302 1431 1403 1485 pro
1442 1414 1637 1468 merito
1680 1422 1865 1468 nostro
1906 1416 2073 1489 depo-

233 1505 450 1573 scimus,
487 1510 676 1576 petere
713 1520 844 1557 uero
883 1510 964 1556 est
1001 1521 1121 1557 cum
1171 1503 1376 1575 aliquid
1413 1504 1692 1559 humiliter
1730 1513 1782 1559 et
1818 1507 2074 1580 precibus

143 1617 202 1661 10
231 1596 587 1669 postulamus,

414 1797 486 1841 82.
543 1796 714 1840 Donat.
746 1795 795 1838 in
828 1795 934 1838 Ter.
965 1794 1086 1839 Eun.
1116 1794 1207 1838 IIII
1235 1794 1278 1849 3,
1314 1794 1363 1838 7:
1403 1798 1564 1840 Nescio
1605 1797 1710 1852 quid
1751 1801 1953 1854 profecto
1993 1802 2077 1844 ab-

238 1860 361 1902 sente
393 1859 519 1899 nobis
550 1857 817 1898 turbatumst
835 1855 973 1897 domi:
1007 1857 1087 1898 aut
1120 1853 1587 1910 subdistinguendum
1620 1858 1690 1898 est
1722 1859 1769 1899 et
1801 1857 2076 1902 subaudien-

238 1916 349 1960 dum
380 1916 481 1958 ‘me'
513 1917 592 1958 aut
606 1910 867 1972 ἆρχαισμὸς
882 1912 1033 1970 figura
1064 1917 1137 1957 est
1169 1914 1375 1957 ‘absente
1406 1913 1557 1956 nobis’
1587 1928 1672 1970 pro
1709 1915 1841 1959 nobis
1875 1918 2077 1961 absenti-

237 1976 340 2024 bus.
402 1974 708 2031 Pomponius:
759 1974 873 2017 ‘sine
922 1987 1032 2030 ergo
1066 1973 1187 2018 istuc
1221 1975 1468 2030 praesente
1509 1974 1671 2017 amicis
1711 1974 1836 2018 inter
1882 1977 2071 2021 cenam'.

234 2032 386 2080 Varro
417 2033 476 2078 ad
506 2033 776 2077 Marcellum
821 2032 985 2087 (Varro
1021 2031 1243 2076 Marcello
1281 2033 1400 2076 codd.
1437 2049 1584 2077 omnes
1618 2033 1766 2078 Varro
1797 2034 1847 2078 in
1875 2035 2071 2081 Marcel·

232 2092 329 2141 lum
359 2094 521 2151 uolq.):
554 2091 615 2135 id
643 2095 973 2149 praesente
1006 2124 1015 2134 .
1052 2125 1062 2136 .
1094 2127 1102 2135 .
1136 2090 1536 2148 pronuntiat.

405 2172 476 2217 83.
540 2171 672 2216 Char.
710 2187 754 2228 p.
775 2172 874 2226 135,
908 2170 986 2214 17:
1028 2171 1170 2215 Later
1201 2186 1259 2214 an
1288 2171 1447 2214 lateris
1463 2171 1484 2214 ‘?
1517 2174 1563 2214 et
1597 2171 1704 2215 huic
1738 2173 2076 2219 nominatiuum

239 2233 524 2294 singularem
550 2231 781 2275 ablatiuus
803 2231 1022 2274 restituet
1044 2230 1306 2288 singularis,
1324 2231 1363 2274 si
1383 2231 1422 2274 E
1440 2231 1648 2275 litteram
1678 2231 1895 2289 deponat.
1925 2234 2077 2279 Varro

239 2289 297 2336 de
329 2305 540 2336 sermone
571 2290 717 2334 latino
754 2290 817 2335 V:
849 2291 1024 2334 later
1058 2321 1066 2331 .
1102 2324 1113 2334 .
1145 2323 1155 2333 .
1187 2290 1648 2347 iugmentatum.

245 2427 249 2430 .
406 2371 477 2415 84.
546 2370 663 2414 Gell.
686 2370 816 2414 VIIII
846 2370 888 2424 9,
922 2370 972 2413 8:
1006 2368 1106 2424 Quo
1138 2370 1500 2438 pacto-diceret
1541 2370 1807 2437 (Vergilius)
1847 2368 1901 2438 fb
1938 2370 2079 2417 καλὸν

237 2429 2078 2549 ῗέἓέἕῗέῖῗόἒῗέἷῗῖι·ὴὲἔῧῖξωῖοὲἓὲἶῗὲἔέῃἱῗέἐέῗᾶῃὲἓιῗὲῗέζῖἒαῗᾶῗῖῗῖ.ῗῖὶῖ

242 2553 315 2594 111
341 2555 372 2596 3
405 2567 464 2605 sq.
505 2552 629 2607 Very.
662 2551 753 2592 buc.
787 2551 859 2592 ΙΙΙ
889 2553 946 2593 64
962 2550 1060 2604 sq.),
1101 2547 1191 2590 nisi
1233 2549 1357 2604 quod
1387 2562 1577 2605 caprum
1607 2549 1727 2592 dixit
1759 2564 1897 2605 quem
1926 2548 2075 2594 Theo-

239 2608 387 2655 critus
428 2603 626 2666 ἐνόρχαν
666 2607 934 2665 appellauit.
1008 2611 1264 2651 auctore
1297 2607 1419 2651 enim
1450 2607 1512 2650 M.
1544 2607 1811 2652 Varrone
1847 2641 1858 2653 .
1900 2642 1909 2652 .
1988 2623 2076 2652 ex-

241 2671 549 2713 castratus
599 2671 701 2711 est.
768 2666 826 2711 cf.
858 2667 993 2711 Varr.
1037 2665 1096 2709 de
1133 2666 1163 2710 1.
1198 2666 1227 2709 1.
1260 2667 1302 2711 V
1333 2667 1391 2711 97
1422 2681 1469 2723 p.
1494 2666 1565 2711 99.
1620 2681 1712 2711 rer.
1744 2671 1856 2711 rust.
1886 2667 1931 2711 II
1961 2667 2004 2724 3,
2034 2666 2076 2712 7.

238 2725 362 2772 Fest.
395 2724 529 2772 Pauli
562 2742 607 2784 p.
626 2726 706 2772 48:
740 2726 933 2782 Caprae.

409 2806 480 2852 85.
508 2848 513 2854 .
546 2806 677 2850 Char.
709 2821 753 2863 p.
768 2805 868 2861 103,
901 2805 979 2849 26:
1025 2804 1150 2861 Capo
1193 2803 1368 2849 dicitur
1408 2820 1547 2859 nunc,
1591 2807 1674 2850 sed
1703 2806 1852 2850 Varro
1898 2806 1955 2851 de
1984 2821 2079 2851 ser-

240 2879 377 2910 mone
406 2866 551 2910 latino
580 2866 803 2910 iterum
838 2865 905 2908 ait
939 2879 1037 2908 ex.
1072 2898 1081 2908 .
1117 2895 1128 2907 .
1159 2862 1238 2906 fit
1270 2879 1471 2921 capus.
1519 2865 1648 2909 Beda
1679 2866 1758 2921 qui
1783 2880 1883 2910 uoc.
1919 2866 1976 2910 de
2006 2880 2080 2911 or-

239 2925 393 2982 thogr.
414 2941 460 2983 p.
481 2925 598 2970 2780
615 2926 693 2969 P.:
727 2939 842 2980 capo
874 2938 1012 2978 nunc,
1046 2922 1127 2967 sed
1155 2922 1348 2968 Varro
1381 2924 1438 2968 de
1470 2938 1683 2969 sermone
1713 2925 1860 2969 latino
1892 2925 1985 2969 ait:
2021 2940 2079 2970 ex

239 2985 364 3043 gallo
401 2985 645 3044 gallinacio
679 2987 883 3029 castrato
914 2982 968 3026 fit
1002 2996 1157 3040 capus·
1202 2986 1258 3036 cs.
1293 2983 1444 3027 Varro
1474 2998 1564 3028 rer.
1597 2988 1714 3029 rust.
1745 2984 1790 3027 11
1817 2984 1859 3040 7,
1892 2985 1963 3029 15.

406 3064 480 3108 86.
540 3064 670 3109 Seru.
703 3065 764 3108 ad
793 3064 932 3121 Verg,
966 3063 1081 3107 Aen.
1099 3063 1230 3108 VIIII
1265 3063 1374 3108 194:
1408 3064 1672 3110 Poscere
1706 3067 1796 3108 est
1827 3062 2079 3109 secundum

241 3123 498 3170 varronem
533 3123 810 3180 quotiens
843 3155 855 3168 .
889 3155 899 3166 .
931 3156 941 3168 .
973 3124 1372 3179 postulamus.

387 3273 411 3318 1
454 3271 674 3319 adfectae
710 3272 771 3320 N
797 3274 841 3319 et
873 3271 986 3319 edit.
1011 3264 1036 3334 ΙΙ
1063 3273 1091 3318 3
1129 3273 1348 3319 exercitu
1383 3273 1521 3321 codd.
1564 3275 1617 3320 ut
1654 3271 1954 3330 Schopeozius
1982 3284 2078 3318 me—

246 3355 352 3389 cum
376 3343 748 3390 communicauit
765 3357 780 3388 .-
796 3357 912 3389 num
934 3342 1234 3389 seruandum
1253 3343 1361 3392 coll.
1377 3341 1634 3390 Pri-seiano
1647 3341 1761 3388 VII
1765 3355 1816 3399 p.
1828 3342 1944 3397 363,
1962 3342 1993 3386 6
2007 3332 2074 3404 ,911

245 3412 278 3457 4
314 3410 636 3472 iugmentaN
649 3406 674 3475 Η
700 3413 729 3458 5
755 3410 816 3458 dc
834 3411 972 3459 codd.
989 3411 1080 3460 VB
1098 3412 1201 3459 uid.
1223 3413 1388 3464 adnot.
1407 3412 1474 3459 ad
1489 3411 1555 3469 fr.
1571 3413 1653 3459 36.
1671 3411 1735 3457 54
1751 3408 1818 3455 M.
1830 3408 2073 3465 Varrone]

245 3477 319 3526 *E-
359 3479 576 3527 Varrone
602 3481 657 3530 V·
676 3481 895 3528 Varrone
917 3481 968 3528 B
988 3479 1014 3544 Η
1040 3482 1070 3528 8
1108 3482 1301 3545 quoties
1338 3481 1441 3530 eod.
1477 3480 1652 3541 Reyin.
1681 3481 1812 3527 1674
1843 3470 2073 3543 SaeaXss

242 3549 466 3614 precibus
502 3551 605 3599 cod.
628 3548 790 3600 Paris.
813 3553 955 3600 7929
990 3565 1114 3601 saec.
1138 3550 1193 3600 X
1216 3567 1322 3599 cum
1358 3550 1587 3615 precibus
1623 3549 1797 3613 Βορέῃ.
1823 3550 1847 3606 ΙΙ
