2280 4088
940 351 1033 398 101

74 505 277 574 θατέρᾳ
307 500 665 572 ,γραμμμτικῇ
700 499 1135 571 Aristophanum
1159 497 1718 564 A1·istarehorun·1que
1756 495 1911 564 inge-

0 597 4 601 ’
77 595 230 652 nium
264 601 426 665 atque
464 593 641 648 studia
679 591 903 645 uersari.
950 609 1071 647 cum
1113 590 1214 643 hae
1253 607 1384 643 uero
1425 587 1711 655 diuisione,
1752 605 1911 658 quam

74 685 374 741 secundum
408 702 637 755 graecos
673 683 981 736 Varronem
1019 680 1308 754 protulisse
1342 679 1609 746 uidemus,
1665 694 1908 730 conexae

3 761 7 763 i
71 782 191 831 esse
231 776 435 830 debent
469 775 608 828 duae
641 773 1010 844 expositiones
1035 771 1104 824 de
1130 770 1612 843 grammaticorum
1637 767 1911 836 officiis¹)‚

71 885 213 938 quae
247 867 392 921 inter
432 884 490 920 se
530 865 779 918 diuersae
815 882 918 917 nec
963 864 1135 917 altera
1185 880 1256 915 ex
1293 862 1465 914 altera
1515 858 1817 914 deriuanda
1856 867 1911 911 et

70 975 396 1027 graecorum
447 954 901 1028 explicationibus
952 954 1011 1007 in
1061 953 1378 1006 uniuersum
1430 951 1827 1022 respondentes
1881 970 1911 1002 a

69 1047 440 1119 grammaticis
478 1047 782 1100 traduntur.
820 1044 1205 1116 grammaticae
1246 1043 1391 1097 enim
1439 1043 1618 1096 officia
1656 1049 1782 1095 sunt
1829 1059 1910 1095 se-

68 1139 309 1194 eundum
342 1139 567 1191 alteram
617 1144 830 1192 seribere
886 1143 1042 1203 leyere
1090 1141 1369 1203 intelleyere
1401 1142 1618 1201 probare
1667 1134 1760 1203 (fr.
1798 1133 1914 1200 91),

68 1229 365 1284 secundum
407 1228 634 1281 alteram
677 1233 814 1281 lectio
851 1233 1102 1295 enarratio
1139 1232 1408 1280 emendatio
1430 1231 1670 1279 iudicium
1689 1224 1780 1293 (fr.
1798 1224 1907 1292 93).

66 1320 350 1387 rationem,
390 1336 526 1392 quae
561 1317 706 1370 inter
743 1317 838 1370 has
870 1315 1189 1383 intercedat,
1222 1316 1469 1369 breuiter
1505 1317 1585 1369 sic
1622 1335 1909 1386 possumus

65 1408 382 1480 significare
420 1415 481 1461 ut
512 1407 754 1480 priorem
783 1405 1169 1476 ludimagistri,
1196 1406 1424 1459 alteram
1449 1405 1720 1477 philologi
1747 1423 1909 1475 quem

66 1499 232 1555 hodie
255 1499 595 1573 adpellamus
623 1517 818 1552 munus
856 1497 1137 1551 continere
1164 1496 1423 1551 dicamus,
1461 1497 1701 1568 priorem
1726 1504 1910 1549 autem

66 1611 198 1646 num
232 1590 439 1645 Marius
474 1589 792 1644 Victorinus
826 1590 858 1644 1
892 1590 940 1656 1,
971 1590 1007 1643 6
1047 1609 1100 1661 p.
1135 1587 1270 1642 2451
1306 1588 1368 1642 P.
1422 1597 1572 1642 recte
1622 1588 1909 1642 tradiderit

69 1682 276 1750 dubim,
325 1701 450 1737 eum
506 1687 563 1734 et
613 1681 802 1752 graeci
854 1681 1150 1753 scriptores
1203 1681 1270 1734 de
1321 1680 1561 1751 legendo
1602 1688 1814 1734 tantum
1853 1688 1908 1732 et

23 1829 27 1831 μ
67 1772 356 1827 scribendo
391 1772 449 1825 in
483 1771 586 1826 hae
625 1790 685 1825 re
718 1772 1010 1841 loquantur
1052 1779 1104 1825 et
1151 1771 1322 1841 latini,
1365 1771 1456 1840 qui
1497 1771 1732 1825 eundem
1767 1771 1906 1824 Var-

69 1862 218 1917 ronis
253 1863 454 1916 librum
489 1869 614 1915 ante
639 1854 824 1916 oculos
845 1862 1171 1932 habuerunt,
1207 1870 1268 1915 ut
1285 1861 1589 1915 Diomedes
1609 1880 1661 1933 p.
1683 1861 1803 1930 426,
1825 1861 1907 1931 18,

68 1949 230 2027 quem
269 1953 532 2028 excripsit
553 1951 782 2008 Seruius
806 1951 860 2008 in
879 1953 1139 2007 analectis
1159 1953 1682 2007 Vindobonensibus
1717 1973 1768 2026 p.
1786 1953 1907 2021 512,

68 2043 340 2099 Maximus
361 2043 675 2099 Victorinus
710 2044 742 2095 2
777 2063 831 2116 p.
856 2044 987 2099 1937
1013 2043 1073 2097 P.
1112 2052 1262 2097 reete
1304 2044 1583 2098 scribendi
1618 2044 1906 2116 loquendi-

65 2155 169 2208 que
209 2137 476 2194 rationem
515 2143 926 2190 conmemorent
975 2143 1028 2188 et
1068 2136 1367 2190 Martianus
1412 2135 1639 2210 Capella
1678 2136 1767 2189 III
1801 2135 1906 2189 230

68 2229 210 2300 1251
234 2227 332 2283 Gr.
380 2227 519 2281 haee
572 2228 679 2281 duo
738 2227 956 2281 disertis
1014 2227 1197 2280 uerbis
1244 2229 1310 2281 ab
1349 2228 1574 2298 reliquis
1624 2236 1903 2282 secernat:

3 2325 8 2329 ’
67 2324 282 2384 officium
314 2338 488 2374 uerum
519 2339 678 2374 meum
708 2328 821 2373 tane
849 2324 1019 2383 fuerat
1055 2325 1191 2374 docte
1227 2326 1442 2374 seribere
1474 2326 1738 2388 leyereque.
1781 2343 1912 2376 nane

69 2416 212 2464 etiam
243 2416 372 2464 illud
406 2418 618 2475 accessit,
665 2420 719 2464 at
753 2432 910 2466 meam
941 2421 1004 2466 sit
1041 2418 1228 2466 erudite
1263 2418 1543 2480 intelleyere
1572 2420 1905 2480 probareqae.

77 2512 244 2570 quare
293 2501 475 2556 nescio
525 2523 594 2557 an
640 2502 976 2575 Victorinus,
1031 2523 1191 2578 quem
1242 2506 1375 2560 duas
1426 2506 1548 2560 illas
1604 2506 1908 2559 officiorum

68 2591 463 2665 ‘explicationes
497 2594 644 2667 apud
692 2602 970 2649 auctorem
1021 2586 1177 2650 suum
1226 2597 1537 2669 repperisse
1576 2598 1694 2650 ueri
1731 2597 1907 2651 simile

71 2691 172 2754 est,
207 2701 296 2737 eas
322 2684 645 2756 confuderit,
675 2704 810 2756 quae
845 2686 1108 2742 dubitatio
1146 2697 1378 2758 augetur
1411 2689 1455 2741 si
1487 2690 1705 2761 singula
1728 2691 1907 2762 perlu-

69 2781 318 2828 stramus.
375 2775 723 2832 inscribendo
755 2797 867 2832 non
903 2779 1065 2832 uideo
1103 2799 1197 2832 cur
1237 2779 1528 2833 offenderit
1567 2780 1742 2834 Lehrs
1783 2782 1819 2834 l.
1862 2802 1902 2835 s.

65 2866 268 2938 .p.-437,
298 2887 424 2922 cum
461 2869 519 2922 id
553 2889 876 2942 graecorum
909 2872 1391 2942 grammaticorum
1416 2872 1598 2926 uerbis
1623 2873 1908 2926 confirme-

70 2964 191 3027 tur3
245 2965 403 3028 leyere
450 2961 540 3014 hic
587 2955 906 3035 simpliciter
953 2964 1260 3016 litterarum
1313 2963 1567 3035 peritiam
1616 2965 1908 3035 significat,

68 3063 176 3120 >qua
211 3050 458 3104 instructi
510 3054 664 3126 pueri
709 3055 970 3127 scriptum
1027 3054 1300 3124 quoddam
1355 3056 1586 3109 recitare
1644 3063 1906 3127 possunt3

67 3145 345 3210 intelleqere
392 3161 608 3216 quoque
649 3144 883 3214 quodam
934 3145 1095 3198 modo
1137 3145 1204 3198 ad
1241 3145 1559 3199 inferiorem
1599 3148 1910 3216 grammati-

65 3249 189 3314 -eam
223 3235 433 3288 referre
467 3235 755 3307 possimuS,
804 3236 907 3290 nisi
952 3237 1237 3290 accederet
1267 3244 1499 3304 probare.
1572 3238 1676 3292 hoc
1727 3244 1907 3290 autem

70 3367 400 3384 -q—-——---——-—

238 3441 284 3498 1)
314 3441 418 3487 Non
448 3442 613 3487 dubito
644 3443 757 3500 quin
789 3444 951 3500 eadem
991 3459 1130 3489 causa
1173 3460 1264 3502 qua
1294 3446 1504 3490 rhetores
1538 3449 1777 3489 oratorum
1810 3445 1908 3488 offi-

66 3523 144 3567 cia
171 3528 442 3581 per-secutos
474 3541 573 3571 esse
604 3527 878 3584 Spengelius
911 3528 1049 3572 docet
1076 3543 1181 3572 nou.
1201 3544 1315 3573 mus.
1339 3530 1408 3572 rh.
1428 3501 1578 3574 XVIII
1602 3545 1643 3584 p.
1667 3528 1754 3572 493
1789 3529 1907 3572 hanc

72 3601 331 3647 officiorum
362 3604 724 3663 descriptionem
755 3607 1049 3665 grammatici
1081 3608 1477 3667 excogitauerint.¹
