<?xml version="1.0" encoding="UTF-8"?>
<!DOCTYPE html PUBLIC "-//W3C//DTD XHTML 1.0 Transitional//EN"
    "http://www.w3.org/TR/xhtml1/DTD/xhtml1-transitional.dtd">
<html xmlns="http://www.w3.org/1999/xhtml" xml:lang="en" lang="en">
 <head>
  <title>
</title>
<meta http-equiv="Content-Type" content="text/html;charset=utf-8" />
  <meta name='ocr-system' content='tesseract 3.04.00' />
  <meta name='ocr-capabilities' content='ocr_page ocr_carea ocr_par ocr_line ocrx_word'/>
</head>
<body>
  <div class='ocr_page' id='page_1' title='image "./demterentivarron00wilmuoft_0043.png"; bbox 0 0 2288 4056; ppageno 0'>
   <div class='ocr_carea' id='block_1_1' title="bbox 996 310 1055 357">
    <p class='ocr_par' dir='ltr' id='par_1_1' title="bbox 996 310 1055 357">
     <span class='ocr_line' id='line_1_1' title="bbox 996 310 1055 357; baseline -0.051 0"><span class='ocrx_word' id='word_1_1' title='bbox 996 310 1055 357; x_wconf 88' lang='grc'><strong>31</strong></span> 
     </span>
    </p>
   </div>
   <div class='ocr_carea' id='block_1_2' title="bbox 108 441 1955 2778">
    <p class='ocr_par' dir='ltr' id='par_1_2' title="bbox 108 441 1955 2778">
     <span class='ocr_line' id='line_1_2' title="bbox 109 441 1936 518; baseline -0.001 -21"><span class='ocrx_word' id='word_1_2' title='bbox 109 441 463 518; x_wconf 81' lang='lat' dir='ltr'><strong>undecimum</strong></span> <span class='ocrx_word' id='word_1_3' title='bbox 505 443 682 497; x_wconf 89' lang='lat' dir='ltr'><strong>omnia</strong></span> <span class='ocrx_word' id='word_1_4' title='bbox 721 451 947 516; x_wconf 88' lang='lat' dir='ltr'><strong>apparet</strong></span> <span class='ocrx_word' id='word_1_5' title='bbox 997 442 1291 515; x_wconf 84' lang='lat' dir='ltr'><strong>pertinere,</strong></span> <span class='ocrx_word' id='word_1_6' title='bbox 1347 461 1482 517; x_wconf 88' lang='lat' dir='ltr'><strong>quae</strong></span> <span class='ocrx_word' id='word_1_7' title='bbox 1534 461 1605 496; x_wconf 86' lang='lat' dir='ltr'><strong>ex</strong></span> <span class='ocrx_word' id='word_1_8' title='bbox 1657 441 1811 496; x_wconf 89' lang='lat' dir='ltr'><strong>libris</strong></span> <span class='ocrx_word' id='word_1_9' title='bbox 1867 442 1936 496; x_wconf 84' lang='lat' dir='ltr'><strong>de</strong></span> 
     </span>
     <span class='ocr_line' id='line_1_3' title="bbox 108 519 1938 606; baseline -0.003 -16"><span class='ocrx_word' id='word_1_10' title='bbox 108 519 297 606; x_wconf 83' lang='lat' dir='ltr'><strong>lingua</strong></span> <span class='ocrx_word' id='word_1_11' title='bbox 331 533 512 601; x_wconf 87' lang='lat' dir='ltr'><strong>latina,</strong></span> <span class='ocrx_word' id='word_1_12' title='bbox 555 541 699 587; x_wconf 89' lang='lat' dir='ltr'><strong>certo</strong></span> <span class='ocrx_word' id='word_1_13' title='bbox 734 533 859 588; x_wconf 84' lang='lat' dir='ltr'>libri</span> <span class='ocrx_word' id='word_1_14' title='bbox 891 551 1118 588; x_wconf 90' lang='lat' dir='ltr'><strong>numero</strong></span> <span class='ocrx_word' id='word_1_15' title='bbox 1158 552 1269 587; x_wconf 90' lang='lat' dir='ltr'><strong>non</strong></span> <span class='ocrx_word' id='word_1_16' title='bbox 1305 532 1507 601; x_wconf 87' lang='lat' dir='ltr'><strong>addito,</strong></span> <span class='ocrx_word' id='word_1_17' title='bbox 1561 532 1848 586; x_wconf 82' lang='lat' dir='ltr'><strong>laudantur</strong></span> <span class='ocrx_word' id='word_1_18' title='bbox 1885 541 1938 585; x_wconf 89' lang='lat' dir='ltr'><strong>et</strong></span> 
     </span>
     <span class='ocr_line' id='line_1_4' title="bbox 109 622 1938 696; baseline -0.001 -18"><span class='ocrx_word' id='word_1_19' title='bbox 109 624 179 678; x_wconf 80' lang='lat' dir='ltr'><strong>ad</strong></span> <span class='ocrx_word' id='word_1_20' title='bbox 190 623 580 682; x_wconf 86' lang='lat' dir='ltr'><strong>uocabulorum</strong></span> <span class='ocrx_word' id='word_1_21' title='bbox 601 624 988 679; x_wconf 82' lang='lat' dir='ltr'><strong>declinationes</strong></span> <span class='ocrx_word' id='word_1_22' title='bbox 1006 631 1268 696; x_wconf 88' lang='lat' dir='ltr'><strong>spectant.</strong></span> <span class='ocrx_word' id='word_1_23' title='bbox 1290 623 1374 676; x_wconf 89' lang='lat' dir='ltr'><strong>his</strong></span> <span class='ocrx_word' id='word_1_24' title='bbox 1391 622 1702 694; x_wconf 81' lang='lat' dir='ltr'>praemissis</span> <span class='ocrx_word' id='word_1_25' title='bbox 1713 623 1782 675; x_wconf 90' lang='lat' dir='ltr'><strong>ad</strong></span> <span class='ocrx_word' id='word_1_26' title='bbox 1795 623 1938 694; x_wconf 88' lang='lat' dir='ltr'><strong>frag-</strong></span> 
     </span>
     <span class='ocr_line' id='line_1_5' title="bbox 109 711 1941 786; baseline -0.001 -19"><span class='ocrx_word' id='word_1_27' title='bbox 109 719 293 767; x_wconf 85' lang='lat' dir='ltr'><strong>menta</strong></span> <span class='ocrx_word' id='word_1_28' title='bbox 339 713 687 782; x_wconf 87' lang='lat' dir='ltr'><strong>grammatica</strong></span> <span class='ocrx_word' id='word_1_29' title='bbox 731 714 877 786; x_wconf 84' lang='lat' dir='ltr'><strong>apud</strong></span> <span class='ocrx_word' id='word_1_30' title='bbox 929 711 1235 767; x_wconf 81' lang='lat' dir='ltr'><strong>Charisium</strong></span> <span class='ocrx_word' id='word_1_31' title='bbox 1279 711 1437 766; x_wconf 88' lang='lat' dir='ltr'><strong>obuia</strong></span> <span class='ocrx_word' id='word_1_32' title='bbox 1488 720 1723 782; x_wconf 83' lang='lat' dir='ltr'><strong>transeO,</strong></span> <span class='ocrx_word' id='word_1_33' title='bbox 1782 731 1941 783; x_wconf 86' lang='lat' dir='ltr'><strong>quem</strong></span> 
     </span>
     <span class='ocr_line' id='line_1_6' title="bbox 111 798 1940 857; baseline -0.001 -1"><span class='ocrx_word' id='word_1_34' title='bbox 111 802 291 856; x_wconf 88' lang='lat' dir='ltr'><strong>omnia</strong></span> <span class='ocrx_word' id='word_1_35' title='bbox 325 801 441 856; x_wconf 89' lang='lat' dir='ltr'><strong>fere</strong></span> <span class='ocrx_word' id='word_1_36' title='bbox 479 803 723 857; x_wconf 85' lang='lat' dir='ltr'><strong>Romano</strong></span> <span class='ocrx_word' id='word_1_37' title='bbox 764 801 1086 857; x_wconf 83' lang='lat' dir='ltr'><strong>Cominiano</strong></span> <span class='ocrx_word' id='word_1_38' title='bbox 1124 800 1440 855; x_wconf 79' lang='lat' dir='ltr'><strong>Palaemoni</strong></span> <span class='ocrx_word' id='word_1_39' title='bbox 1487 798 1695 855; x_wconf 80' lang='lat' dir='ltr'><strong>Scauro</strong></span> <span class='ocrx_word' id='word_1_40' title='bbox 1736 801 1940 855; x_wconf 90' lang='lat' dir='ltr'><strong>debere</strong></span> 
     </span>
     <span class='ocr_line' id='line_1_7' title="bbox 112 889 1941 963; baseline 0 -19"><span class='ocrx_word' id='word_1_41' title='bbox 112 898 320 944; x_wconf 84' lang='lat' dir='ltr'><strong>constat</strong></span> <span class='ocrx_word' id='word_1_42' title='bbox 359 890 452 960; x_wconf 94' lang='lat' dir='ltr'><strong>(H.</strong></span> <span class='ocrx_word' id='word_1_43' title='bbox 494 890 623 945; x_wconf 83' lang='lat' dir='ltr'><strong>Keil</strong></span> <span class='ocrx_word' id='word_1_44' title='bbox 662 890 829 963; x_wconf 87' lang='lat' dir='ltr'><strong>praef.</strong></span> <span class='ocrx_word' id='word_1_45' title='bbox 865 909 1093 961; x_wconf 85' lang='lat' dir='ltr'><strong>gramm.</strong></span> <span class='ocrx_word' id='word_1_46' title='bbox 1130 889 1221 943; x_wconf 90' lang='lat' dir='ltr'><strong>lat.</strong></span> <span class='ocrx_word' id='word_1_47' title='bbox 1260 890 1366 944; x_wconf 90' lang='lat' dir='ltr'><strong>uol.</strong></span> <span class='ocrx_word' id='word_1_48' title='bbox 1388 889 1418 943; x_wconf 91' lang='lat' dir='ltr'><strong>I</strong></span> <span class='ocrx_word' id='word_1_49' title='bbox 1442 910 1494 962; x_wconf 90' lang='lat' dir='ltr'><strong>p.</strong></span> <span class='ocrx_word' id='word_1_50' title='bbox 1517 890 1811 946; x_wconf 92' lang='lat' dir='ltr'><strong>XXXXV.</strong></span> <span class='ocrx_word' id='word_1_51' title='bbox 1845 891 1941 945; x_wconf 87' lang='lat' dir='ltr'><strong>W.</strong></span> 
     </span>
     <span class='ocr_line' id='line_1_8' title="bbox 113 977 1943 1053; baseline -0.002 -16"><span class='ocrx_word' id='word_1_52' title='bbox 113 980 299 1037; x_wconf 85' lang='lat' dir='ltr'><strong>Christ</strong></span> <span class='ocrx_word' id='word_1_53' title='bbox 335 980 535 1036; x_wconf 90' lang='lat' dir='ltr'><strong>Philol.</strong></span> <span class='ocrx_word' id='word_1_54' title='bbox 576 979 745 1033; x_wconf 88' lang='lat' dir='ltr'>XVII</span> <span class='ocrx_word' id='word_1_55' title='bbox 782 1000 835 1053; x_wconf 88' lang='lat' dir='ltr'><strong>p.</strong></span> <span class='ocrx_word' id='word_1_56' title='bbox 860 980 975 1033; x_wconf 78' lang='lat'><strong>120.</strong></span> <span class='ocrx_word' id='word_1_57' title='bbox 1027 979 1098 1033; x_wconf 89' lang='lat' dir='ltr'><strong>A.</strong></span> <span class='ocrx_word' id='word_1_58' title='bbox 1120 977 1549 1034; x_wconf 80' lang='lat' dir='ltr'><strong>Schottmueller</strong></span> <span class='ocrx_word' id='word_1_59' title='bbox 1587 979 1654 1034; x_wconf 88' lang='lat' dir='ltr'><strong>de</strong></span> <span class='ocrx_word' id='word_1_60' title='bbox 1694 980 1758 1035; x_wconf 83' lang='lat' dir='ltr'><strong>C.</strong></span> <span class='ocrx_word' id='word_1_61' title='bbox 1795 980 1943 1035; x_wconf 90' lang='lat' dir='ltr'><strong>Plini</strong></span> 
     </span>
     <span class='ocr_line' id='line_1_9' title="bbox 113 1056 1942 1143; baseline -0.002 -17"><span class='ocrx_word' id='word_1_62' title='bbox 113 1069 355 1128; x_wconf 82' lang='lat' dir='ltr'><strong>Secundi</strong></span> <span class='ocrx_word' id='word_1_63' title='bbox 387 1056 515 1124; x_wconf 84' lang='lat' dir='ltr'><strong>libr.</strong></span> <span class='ocrx_word' id='word_1_64' title='bbox 549 1090 778 1142; x_wconf 85' lang='lat' dir='ltr'><strong>gramm.</strong></span> <span class='ocrx_word' id='word_1_65' title='bbox 812 1090 865 1143; x_wconf 84' lang='lat' dir='ltr'><strong>p.</strong></span> <span class='ocrx_word' id='word_1_66' title='bbox 888 1070 961 1140; x_wconf 83' lang='lat'><strong>7),</strong></span> <span class='ocrx_word' id='word_1_67' title='bbox 1016 1090 1117 1125; x_wconf 85' lang='lat' dir='ltr'><strong>nec</strong></span> <span class='ocrx_word' id='word_1_68' title='bbox 1165 1071 1342 1125; x_wconf 89' lang='lat' dir='ltr'><strong>minus</strong></span> <span class='ocrx_word' id='word_1_69' title='bbox 1378 1072 1699 1139; x_wconf 87' lang='lat' dir='ltr'><strong>Romanum,</strong></span> <span class='ocrx_word' id='word_1_70' title='bbox 1752 1088 1781 1124; x_wconf 90' lang='lat' dir='ltr'><strong>e</strong></span> <span class='ocrx_word' id='word_1_71' title='bbox 1836 1088 1942 1143; x_wconf 91' lang='lat' dir='ltr'><strong>quo</strong></span> 
     </span>
     <span class='ocr_line' id='line_1_10' title="bbox 113 1161 1944 1236; baseline -0.002 -20"><span class='ocrx_word' id='word_1_72' title='bbox 113 1171 326 1236; x_wconf 86' lang='lat' dir='ltr'><strong>sumpta</strong></span> <span class='ocrx_word' id='word_1_73' title='bbox 359 1170 486 1217; x_wconf 88' lang='lat' dir='ltr'><strong>sunt</strong></span> <span class='ocrx_word' id='word_1_74' title='bbox 524 1171 683 1235; x_wconf 86' lang='lat' dir='ltr'><strong>caput</strong></span> <span class='ocrx_word' id='word_1_75' title='bbox 702 1162 877 1218; x_wconf 88' lang='lat' dir='ltr'>XVII</span> <span class='ocrx_word' id='word_1_76' title='bbox 916 1163 982 1215; x_wconf 90' lang='lat' dir='ltr'><strong>de</strong></span> <span class='ocrx_word' id='word_1_77' title='bbox 1018 1162 1266 1233; x_wconf 86' lang='lat' dir='ltr'><strong>analogia</strong></span> <span class='ocrx_word' id='word_1_78' title='bbox 1302 1171 1354 1215; x_wconf 89' lang='lat' dir='ltr'><strong>et</strong></span> <span class='ocrx_word' id='word_1_79' title='bbox 1388 1161 1575 1233; x_wconf 89' lang='lat' dir='ltr'><strong>capitis</strong></span> <span class='ocrx_word' id='word_1_80' title='bbox 1595 1161 1704 1215; x_wconf 92' lang='lat' dir='ltr'><strong>XV</strong></span> <span class='ocrx_word' id='word_1_81' title='bbox 1733 1178 1795 1213; x_wconf 86' lang='lat' dir='ltr'><strong>ea</strong></span> <span class='ocrx_word' id='word_1_82' title='bbox 1819 1179 1944 1232; x_wconf 91' lang='lat' dir='ltr'><strong>pars</strong></span> 
     </span>
     <span class='ocr_line' id='line_1_11' title="bbox 113 1251 1944 1324; baseline -0.001 -20"><span class='ocrx_word' id='word_1_83' title='bbox 113 1251 171 1309; x_wconf 84' lang='lat' dir='ltr'><strong>in</strong></span> <span class='ocrx_word' id='word_1_84' title='bbox 210 1270 315 1324; x_wconf 85' lang='lat' dir='ltr'><strong>qua</strong></span> <span class='ocrx_word' id='word_1_85' title='bbox 357 1271 493 1324; x_wconf 86' lang='lat' dir='ltr'><strong>quae</strong></span> <span class='ocrx_word' id='word_1_86' title='bbox 529 1252 598 1305; x_wconf 88' lang='lat' dir='ltr'><strong>ad</strong></span> <span class='ocrx_word' id='word_1_87' title='bbox 632 1271 732 1306; x_wconf 92' lang='lat' dir='ltr'><strong>nos</strong></span> <span class='ocrx_word' id='word_1_88' title='bbox 770 1272 911 1306; x_wconf 90' lang='lat' dir='ltr'><strong>nunc</strong></span> <span class='ocrx_word' id='word_1_89' title='bbox 955 1252 1234 1324; x_wconf 83' lang='lat' dir='ltr'><strong>pertinent</strong></span> <span class='ocrx_word' id='word_1_90' title='bbox 1268 1252 1546 1322; x_wconf 86' lang='lat' dir='ltr'><strong>leguntur,</strong></span> <span class='ocrx_word' id='word_1_91' title='bbox 1598 1251 1867 1323; x_wconf 88' lang='lat' dir='ltr'><strong>permulta</strong></span> <span class='ocrx_word' id='word_1_92' title='bbox 1915 1268 1944 1303; x_wconf 92' lang='lat' dir='ltr'><strong>e</strong></span> 
     </span>
     <span class='ocr_line' id='line_1_12' title="bbox 114 1339 1946 1414; baseline -0.002 -18"><span class='ocrx_word' id='word_1_93' title='bbox 114 1342 263 1396; x_wconf 91' lang='lat' dir='ltr'><strong>Plini</strong></span> <span class='ocrx_word' id='word_1_94' title='bbox 299 1341 456 1395; x_wconf 91' lang='lat' dir='ltr'><strong>libris</strong></span> <span class='ocrx_word' id='word_1_95' title='bbox 498 1342 565 1394; x_wconf 90' lang='lat' dir='ltr'><strong>de</strong></span> <span class='ocrx_word' id='word_1_96' title='bbox 606 1341 767 1396; x_wconf 91' lang='lat' dir='ltr'><strong>dubio</strong></span> <span class='ocrx_word' id='word_1_97' title='bbox 813 1360 1080 1414; x_wconf 84' lang='lat' dir='ltr'><strong>sermone,</strong></span> <span class='ocrx_word' id='word_1_98' title='bbox 1129 1341 1237 1394; x_wconf 90' lang='lat' dir='ltr'><strong>alia</strong></span> <span class='ocrx_word' id='word_1_99' title='bbox 1288 1360 1358 1394; x_wconf 82' lang='lat' dir='ltr'><strong>ex</strong></span> <span class='ocrx_word' id='word_1_100' title='bbox 1391 1341 1576 1413; x_wconf 85' lang='lat' dir='ltr'><strong>Aspro</strong></span> <span class='ocrx_word' id='word_1_101' title='bbox 1618 1339 1796 1412; x_wconf 88' lang='lat' dir='ltr'><strong>Capro</strong></span> <span class='ocrx_word' id='word_1_102' title='bbox 1834 1341 1946 1394; x_wconf 91' lang='lat' dir='ltr'><strong>He-</strong></span> 
     </span>
     <span class='ocr_line' id='line_1_13' title="bbox 114 1430 1946 1506; baseline -0.002 -20"><span class='ocrx_word' id='word_1_103' title='bbox 114 1433 260 1486; x_wconf 88' lang='lat' dir='ltr'><strong>lenio</strong></span> <span class='ocrx_word' id='word_1_104' title='bbox 282 1433 505 1487; x_wconf 87' lang='lat' dir='ltr'><strong>Acrone</strong></span> <span class='ocrx_word' id='word_1_105' title='bbox 542 1434 660 1488; x_wconf 88' lang='lat' dir='ltr'><strong>aliis</strong></span> <span class='ocrx_word' id='word_1_106' title='bbox 700 1434 1044 1506; x_wconf 84' lang='lat' dir='ltr'><strong>excripsisse.</strong></span> <span class='ocrx_word' id='word_1_107' title='bbox 1085 1452 1315 1506; x_wconf 88' lang='lat' dir='ltr'><strong>quorum</strong></span> <span class='ocrx_word' id='word_1_108' title='bbox 1352 1439 1631 1486; x_wconf 88' lang='lat' dir='ltr'><strong>auctorum</strong></span> <span class='ocrx_word' id='word_1_109' title='bbox 1667 1431 1813 1484; x_wconf 92' lang='lat' dir='ltr'><strong>solus</strong></span> <span class='ocrx_word' id='word_1_110' title='bbox 1833 1430 1946 1485; x_wconf 92' lang='lat' dir='ltr'><strong>Pli-</strong></span> 
     </span>
     <span class='ocr_line' id='line_1_14' title="bbox 115 1521 1948 1595; baseline -0.003 -16"><span class='ocrx_word' id='word_1_111' title='bbox 115 1525 236 1580; x_wconf 88' lang='lat' dir='ltr'><strong>nius</strong></span> <span class='ocrx_word' id='word_1_112' title='bbox 255 1525 427 1579; x_wconf 91' lang='lat' dir='ltr'><strong>libros</strong></span> <span class='ocrx_word' id='word_1_113' title='bbox 452 1524 520 1577; x_wconf 92' lang='lat' dir='ltr'><strong>de</strong></span> <span class='ocrx_word' id='word_1_114' title='bbox 548 1524 736 1595; x_wconf 89' lang='lat' dir='ltr'><strong>lingua</strong></span> <span class='ocrx_word' id='word_1_115' title='bbox 772 1525 938 1578; x_wconf 87' lang='lat' dir='ltr'><strong>latina</strong></span> <span class='ocrx_word' id='word_1_116' title='bbox 978 1524 1192 1578; x_wconf 88' lang='lat' dir='ltr'><strong>disertis</strong></span> <span class='ocrx_word' id='word_1_117' title='bbox 1227 1524 1410 1578; x_wconf 89' lang='lat' dir='ltr'><strong>uerbis</strong></span> <span class='ocrx_word' id='word_1_118' title='bbox 1430 1524 1473 1593; x_wconf 86' lang='lat' dir='ltr'><strong>l)</strong></span> <span class='ocrx_word' id='word_1_119' title='bbox 1512 1521 1696 1575; x_wconf 89' lang='lat' dir='ltr'><strong>laudat</strong></span> <span class='ocrx_word' id='word_1_120' title='bbox 1736 1529 1789 1574; x_wconf 89' lang='lat' dir='ltr'><strong>et</strong></span> <span class='ocrx_word' id='word_1_121' title='bbox 1836 1540 1948 1576; x_wconf 93' lang='lat' dir='ltr'><strong>non</strong></span> 
     </span>
     <span class='ocr_line' id='line_1_15' title="bbox 115 1612 1946 1688; baseline -0.003 -17"><span class='ocrx_word' id='word_1_122' title='bbox 115 1616 221 1671; x_wconf 89' lang='lat' dir='ltr'><strong>nisi</strong></span> <span class='ocrx_word' id='word_1_123' title='bbox 256 1616 354 1669; x_wconf 88' lang='lat' dir='ltr'><strong>hos</strong></span> <span class='ocrx_word' id='word_1_124' title='bbox 394 1634 422 1668; x_wconf 92' lang='lat' dir='ltr'><strong>e</strong></span> <span class='ocrx_word' id='word_1_125' title='bbox 461 1617 614 1671; x_wconf 89' lang='lat' dir='ltr'><strong>libris</strong></span> <span class='ocrx_word' id='word_1_126' title='bbox 647 1617 1020 1687; x_wconf 82' lang='lat' dir='ltr'><strong>Varronianis,</strong></span> <span class='ocrx_word' id='word_1_127' title='bbox 1058 1623 1437 1688; x_wconf 85' lang='lat' dir='ltr'><strong>praeterquam</strong></span> <span class='ocrx_word' id='word_1_128' title='bbox 1469 1613 1614 1685; x_wconf 88' lang='lat' dir='ltr'><strong>quod</strong></span> <span class='ocrx_word' id='word_1_129' title='bbox 1642 1614 1813 1666; x_wconf 90' lang='lat' dir='ltr'><strong>semel</strong></span> <span class='ocrx_word' id='word_1_130' title='bbox 1833 1612 1946 1683; x_wconf 84' lang='lat' dir='ltr'><strong>(uel</strong></span> 
     </span>
     <span class='ocr_line' id='line_1_16' title="bbox 116 1706 1944 1779; baseline -0.003 -14"><span class='ocrx_word' id='word_1_131' title='bbox 116 1707 220 1774; x_wconf 85' lang='lat' dir='ltr'><strong>bis)</strong></span> <span class='ocrx_word' id='word_1_132' title='bbox 261 1709 416 1763; x_wconf 80' lang='lat' dir='ltr'><strong>‘libro</strong></span> <span class='ocrx_word' id='word_1_133' title='bbox 453 1707 572 1763; x_wconf 90' lang='lat' dir='ltr'>IIII</span> <span class='ocrx_word' id='word_1_134' title='bbox 609 1707 675 1761; x_wconf 91' lang='lat' dir='ltr'><strong>de</strong></span> <span class='ocrx_word' id='word_1_135' title='bbox 712 1707 946 1761; x_wconf 90' lang='lat' dir='ltr'><strong>utilitate</strong></span> <span class='ocrx_word' id='word_1_136' title='bbox 986 1708 1266 1763; x_wconf 86' lang='lat' dir='ltr'><strong>sermonis⁷</strong></span> <span class='ocrx_word' id='word_1_137' title='bbox 1312 1708 1368 1760; x_wconf 92' lang='lat' dir='ltr'><strong>in</strong></span> <span class='ocrx_word' id='word_1_138' title='bbox 1405 1725 1465 1760; x_wconf 88' lang='lat' dir='ltr'><strong>re</strong></span> <span class='ocrx_word' id='word_1_139' title='bbox 1507 1706 1773 1779; x_wconf 86' lang='lat' dir='ltr'><strong>singulari</strong></span> <span class='ocrx_word' id='word_1_140' title='bbox 1814 1724 1944 1772; x_wconf 87' lang='lat' dir='ltr'><strong>usus</strong></span> 
     </span>
     <span class='ocr_line' id='line_1_17' title="bbox 118 1783 1948 1869; baseline 0.001 -17"><span class='ocrx_word' id='word_1_141' title='bbox 118 1805 221 1868; x_wconf 72' lang='lat' dir='ltr'><strong>est,</strong></span> <span class='ocrx_word' id='word_1_142' title='bbox 259 1806 314 1851; x_wconf 87' lang='lat' dir='ltr'><strong>et</strong></span> <span class='ocrx_word' id='word_1_143' title='bbox 351 1816 421 1851; x_wconf 84' lang='lat' dir='ltr'><strong>ex</strong></span> <span class='ocrx_word' id='word_1_144' title='bbox 456 1798 596 1851; x_wconf 93' lang='lat' dir='ltr'><strong>libro</strong></span> <span class='ocrx_word' id='word_1_145' title='bbox 637 1797 703 1850; x_wconf 90' lang='lat' dir='ltr'><strong>de</strong></span> <span class='ocrx_word' id='word_1_146' title='bbox 745 1815 997 1852; x_wconf 89' lang='lat' dir='ltr'><strong>sermone</strong></span> <span class='ocrx_word' id='word_1_147' title='bbox 1049 1798 1216 1853; x_wconf 87' lang='lat' dir='ltr'><strong>latino</strong></span> <span class='ocrx_word' id='word_1_148' title='bbox 1256 1797 1440 1869; x_wconf 84' lang='lat' dir='ltr'><strong>quinto</strong></span> <span class='ocrx_word' id='word_1_149' title='bbox 1483 1804 1607 1852; x_wconf 80' lang='lat' dir='ltr'><strong>later</strong></span> <span class='ocrx_word' id='word_1_150' title='bbox 1647 1783 1809 1852; x_wconf 22' lang='lat' dir='ltr'><strong>*lutum</strong></span> <span class='ocrx_word' id='word_1_151' title='bbox 1841 1806 1948 1867; x_wconf 74' lang='lat' dir='ltr'><strong>iuq-</strong></span> 
     </span>
     <span class='ocr_line' id='line_1_18' title="bbox 116 1886 1949 1960; baseline -0.001 -17"><span class='ocrx_word' id='word_1_152' title='bbox 116 1897 379 1943; x_wconf 79' lang='lat' dir='ltr'><strong>mentatum</strong></span> <span class='ocrx_word' id='word_1_153' title='bbox 399 1886 501 1959; x_wconf 90' lang='lat' dir='ltr'><strong>(sic</strong></span> <span class='ocrx_word' id='word_1_154' title='bbox 537 1889 732 1960; x_wconf 89' lang='lat' dir='ltr'><strong>scripsi</strong></span> <span class='ocrx_word' id='word_1_155' title='bbox 767 1907 866 1960; x_wconf 92' lang='lat' dir='ltr'><strong>pro</strong></span> <span class='ocrx_word' id='word_1_156' title='bbox 903 1896 1172 1958; x_wconf 69' lang='lat' dir='ltr'><strong>iuqmenta)</strong></span> <span class='ocrx_word' id='word_1_157' title='bbox 1206 1890 1374 1942; x_wconf 88' lang='lat' dir='ltr'><strong>uerba</strong></span> <span class='ocrx_word' id='word_1_158' title='bbox 1399 1889 1455 1941; x_wconf 91' lang='lat' dir='ltr'><strong>ni</strong></span> <span class='ocrx_word' id='word_1_159' title='bbox 1475 1888 1671 1941; x_wconf 90' lang='lat' dir='ltr'><strong>mirum</strong></span> <span class='ocrx_word' id='word_1_160' title='bbox 1690 1907 1800 1941; x_wconf 90' lang='lat' dir='ltr'><strong>non</strong></span> <span class='ocrx_word' id='word_1_161' title='bbox 1824 1888 1949 1943; x_wconf 90' lang='lat' dir='ltr'><strong>doc-</strong></span> 
     </span>
     <span class='ocr_line' id='line_1_19' title="bbox 117 1979 1947 2054; baseline -0.001 -19"><span class='ocrx_word' id='word_1_162' title='bbox 117 1980 312 2040; x_wconf 82' lang='lat' dir='ltr'><strong>trinam</strong></span> <span class='ocrx_word' id='word_1_163' title='bbox 347 1981 758 2052; x_wconf 88' lang='lat' dir='ltr'><strong>grammaticam</strong></span> <span class='ocrx_word' id='word_1_164' title='bbox 800 1981 1088 2054; x_wconf 83' lang='lat' dir='ltr'><strong>excerpsit,</strong></span> <span class='ocrx_word' id='word_1_165' title='bbox 1129 1981 1173 2035; x_wconf 89' lang='lat' dir='ltr'><strong>si</strong></span> <span class='ocrx_word' id='word_1_166' title='bbox 1210 1982 1348 2034; x_wconf 90' lang='lat' dir='ltr'><strong>alter</strong></span> <span class='ocrx_word' id='word_1_167' title='bbox 1385 1983 1539 2035; x_wconf 89' lang='lat' dir='ltr'><strong>locus</strong></span> <span class='ocrx_word' id='word_1_168' title='bbox 1560 1979 1705 2033; x_wconf 89' lang='lat' dir='ltr'><strong>Plini</strong></span> <span class='ocrx_word' id='word_1_169' title='bbox 1741 1987 1821 2033; x_wconf 90' lang='lat' dir='ltr'><strong>est</strong></span> <span class='ocrx_word' id='word_1_170' title='bbox 1855 1979 1947 2050; x_wconf 92' lang='lat' dir='ltr'><strong>(cf.</strong></span> 
     </span>
     <span class='ocr_line' id='line_1_20' title="bbox 118 2069 1943 2145; baseline -0.001 -18"><span class='ocrx_word' id='word_1_171' title='bbox 118 2069 545 2127; x_wconf 84' lang='lat' dir='ltr'><strong>Schottmueller</strong></span> <span class='ocrx_word' id='word_1_172' title='bbox 583 2073 620 2126; x_wconf 90' lang='lat'><strong>1.</strong></span> <span class='ocrx_word' id='word_1_173' title='bbox 657 2073 693 2128; x_wconf 92' lang='grc'><strong>1.</strong></span> <span class='ocrx_word' id='word_1_174' title='bbox 728 2072 913 2144; x_wconf 81' lang='lat' dir='ltr'><strong>p.42).</strong></span> <span class='ocrx_word' id='word_1_175' title='bbox 961 2073 1319 2145; x_wconf 82' lang='lat' dir='ltr'><strong>probabiliter</strong></span> <span class='ocrx_word' id='word_1_176' title='bbox 1370 2091 1503 2142; x_wconf 90' lang='lat' dir='ltr'><strong>ergo</strong></span> <span class='ocrx_word' id='word_1_177' title='bbox 1555 2089 1690 2142; x_wconf 90' lang='lat' dir='ltr'><strong>quae</strong></span> <span class='ocrx_word' id='word_1_178' title='bbox 1733 2071 1943 2126; x_wconf 89' lang='lat' dir='ltr'><strong>Plinius</strong></span> 
     </span>
     <span class='ocr_line' id='line_1_21' title="bbox 118 2158 1949 2233; baseline 0.001 -21"><span class='ocrx_word' id='word_1_179' title='bbox 118 2158 355 2230; x_wconf 81' lang='lat' dir='ltr'><strong>Varroni</strong></span> <span class='ocrx_word' id='word_1_180' title='bbox 389 2159 554 2214; x_wconf 88' lang='lat' dir='ltr'><strong>debet</strong></span> <span class='ocrx_word' id='word_1_181' title='bbox 586 2161 739 2214; x_wconf 90' lang='lat' dir='ltr'><strong>libris</strong></span> <span class='ocrx_word' id='word_1_182' title='bbox 775 2163 844 2215; x_wconf 88' lang='lat' dir='ltr'><strong>de</strong></span> <span class='ocrx_word' id='word_1_183' title='bbox 871 2162 1326 2215; x_wconf 89' lang='lat' dir='ltr'><strong>declinationibus</strong></span> <span class='ocrx_word' id='word_1_184' title='bbox 1349 2161 1714 2233; x_wconf 89' lang='lat' dir='ltr'><strong>adsignamus,</strong></span> <span class='ocrx_word' id='word_1_185' title='bbox 1754 2162 1949 2232; x_wconf 91' lang='lat' dir='ltr'><strong>quibus</strong></span> 
     </span>
     <span class='ocr_line' id='line_1_22' title="bbox 119 2251 1949 2325; baseline -0.001 -20"><span class='ocrx_word' id='word_1_186' title='bbox 119 2269 219 2325; x_wconf 79' lang='lat' dir='ltr'><strong>pro</strong></span> <span class='ocrx_word' id='word_1_187' title='bbox 257 2268 353 2304; x_wconf 89' lang='lat' dir='ltr'><strong>suo</strong></span> <span class='ocrx_word' id='word_1_188' title='bbox 390 2251 618 2305; x_wconf 89' lang='lat' dir='ltr'><strong>consilio</strong></span> <span class='ocrx_word' id='word_1_189' title='bbox 656 2252 944 2324; x_wconf 89' lang='lat' dir='ltr'><strong>praecipue</strong></span> <span class='ocrx_word' id='word_1_190' title='bbox 981 2252 1061 2305; x_wconf 87' lang='lat' dir='ltr'><strong>uti</strong></span> <span class='ocrx_word' id='word_1_191' title='bbox 1098 2252 1285 2306; x_wconf 88' lang='lat' dir='ltr'><strong>debuit</strong></span> <span class='ocrx_word' id='word_1_192' title='bbox 1321 2259 1376 2304; x_wconf 92' lang='lat' dir='ltr'><strong>et</strong></span> <span class='ocrx_word' id='word_1_193' title='bbox 1410 2260 1469 2305; x_wconf 88' lang='lat' dir='ltr'><strong>ut</strong></span> <span class='ocrx_word' id='word_1_194' title='bbox 1509 2252 1671 2305; x_wconf 93' lang='lat' dir='ltr'><strong>modo</strong></span> <span class='ocrx_word' id='word_1_195' title='bbox 1696 2251 1949 2320; x_wconf 78' lang='lat' dir='ltr'><strong>uidimuS,</strong></span> 
     </span>
     <span class='ocr_line' id='line_1_23' title="bbox 126 2339 1950 2415; baseline -0.001 -20"><span class='ocrx_word' id='word_1_196' title='bbox 126 2359 254 2397; x_wconf 87' lang='lat' dir='ltr'><strong>usus</strong></span> <span class='ocrx_word' id='word_1_197' title='bbox 294 2348 377 2394; x_wconf 89' lang='lat' dir='ltr'><strong>est</strong></span> <span class='ocrx_word' id='word_1_198' title='bbox 428 2339 614 2408; x_wconf 83' lang='lat' dir='ltr'><strong>(Char.</strong></span> <span class='ocrx_word' id='word_1_199' title='bbox 651 2343 915 2415; x_wconf 82' lang='lat' dir='ltr'><strong>p.53,17.</strong></span> <span class='ocrx_word' id='word_1_200' title='bbox 964 2342 1047 2411; x_wconf 76' lang='lat'><strong>78,</strong></span> <span class='ocrx_word' id='word_1_201' title='bbox 1065 2343 1115 2398; x_wconf 94' lang='lat'><strong>4.</strong></span> <span class='ocrx_word' id='word_1_202' title='bbox 1161 2342 1381 2412; x_wconf 51' lang='lat'><strong>12223.</strong></span> <span class='ocrx_word' id='word_1_203' title='bbox 1420 2343 1651 2412; x_wconf 61' lang='lat'><strong>&gt;129,21.</strong></span> <span class='ocrx_word' id='word_1_204' title='bbox 1705 2341 1950 2411; x_wconf 84' lang='lat'><strong>131,10).</strong></span> 
     </span>
     <span class='ocr_line' id='line_1_24' title="bbox 124 2420 1950 2506; baseline -0.002 -19"><span class='ocrx_word' id='word_1_205' title='bbox 124 2439 406 2505; x_wconf 87' lang='lat' dir='ltr'><strong>praeterea</strong></span> <span class='ocrx_word' id='word_1_206' title='bbox 445 2451 580 2506; x_wconf 91' lang='lat' dir='ltr'><strong>quae</strong></span> <span class='ocrx_word' id='word_1_207' title='bbox 621 2420 785 2488; x_wconf 84' lang='lat' dir='ltr'><strong>Char.</strong></span> <span class='ocrx_word' id='word_1_208' title='bbox 820 2453 873 2505; x_wconf 91' lang='lat' dir='ltr'><strong>p.</strong></span> <span class='ocrx_word' id='word_1_209' title='bbox 897 2434 986 2500; x_wconf 79' lang='lat'><strong>73,</strong></span> <span class='ocrx_word' id='word_1_210' title='bbox 1035 2434 1097 2486; x_wconf 86' lang='lat'><strong>13</strong></span> <span class='ocrx_word' id='word_1_211' title='bbox 1136 2433 1203 2486; x_wconf 88' lang='lat' dir='ltr'><strong>de</strong></span> <span class='ocrx_word' id='word_1_212' title='bbox 1242 2432 1590 2487; x_wconf 86' lang='lat' dir='ltr'><strong>deminutiuis</strong></span> <span class='ocrx_word' id='word_1_213' title='bbox 1629 2432 1793 2486; x_wconf 90' lang='lat' dir='ltr'><strong>habet</strong></span> <span class='ocrx_word' id='word_1_214' title='bbox 1828 2449 1950 2484; x_wconf 90' lang='lat' dir='ltr'><strong>con-</strong></span> 
     </span>
     <span class='ocr_line' id='line_1_25' title="bbox 122 2518 1952 2595; baseline 0.002 -22"><span class='ocrx_word' id='word_1_215' title='bbox 122 2518 231 2575; x_wconf 87' lang='lat' dir='ltr'><strong>lato</strong></span> <span class='ocrx_word' id='word_1_216' title='bbox 269 2521 500 2594; x_wconf 91' lang='lat' dir='ltr'><strong>Pompei</strong></span> <span class='ocrx_word' id='word_1_217' title='bbox 542 2531 843 2575; x_wconf 88' lang='lat' dir='ltr'><strong>commento</strong></span> <span class='ocrx_word' id='word_1_218' title='bbox 883 2522 1010 2576; x_wconf 89' lang='lat' dir='ltr'><strong>artis</strong></span> <span class='ocrx_word' id='word_1_219' title='bbox 1029 2522 1233 2576; x_wconf 90' lang='lat' dir='ltr'><strong>Donati</strong></span> <span class='ocrx_word' id='word_1_220' title='bbox 1256 2543 1307 2595; x_wconf 91' lang='lat' dir='ltr'><strong>p.</strong></span> <span class='ocrx_word' id='word_1_221' title='bbox 1332 2522 1433 2577; x_wconf 78' lang='lat'><strong>154</strong></span> <span class='ocrx_word' id='word_1_222' title='bbox 1471 2541 1500 2576; x_wconf 91' lang='lat' dir='ltr'><strong>e</strong></span> <span class='ocrx_word' id='word_1_223' title='bbox 1521 2522 1698 2576; x_wconf 85' lang='lat' dir='ltr'><strong>Plinio</strong></span> <span class='ocrx_word' id='word_1_224' title='bbox 1726 2522 1952 2576; x_wconf 82' lang='lat' dir='ltr'><strong>fluxisse</strong></span> 
     </span>
     <span class='ocr_line' id='line_1_26' title="bbox 123 2609 1951 2684; baseline 0.001 -20"><span class='ocrx_word' id='word_1_225' title='bbox 123 2611 420 2684; x_wconf 83' lang='lat' dir='ltr'><strong>probabile,</strong></span> <span class='ocrx_word' id='word_1_226' title='bbox 455 2629 483 2665; x_wconf 88' lang='lat' dir='ltr'><strong>e</strong></span> <span class='ocrx_word' id='word_1_227' title='bbox 505 2613 770 2666; x_wconf 89' lang='lat' dir='ltr'><strong>Varronis</strong></span> <span class='ocrx_word' id='word_1_228' title='bbox 807 2613 947 2666; x_wconf 92' lang='lat' dir='ltr'><strong>libro</strong></span> <span class='ocrx_word' id='word_1_229' title='bbox 981 2613 1067 2666; x_wconf 90' lang='lat' dir='ltr'><strong>XI</strong></span> <span class='ocrx_word' id='word_1_230' title='bbox 1105 2613 1293 2667; x_wconf 90' lang='lat' dir='ltr'><strong>hausta</strong></span> <span class='ocrx_word' id='word_1_231' title='bbox 1333 2631 1449 2667; x_wconf 90' lang='lat' dir='ltr'><strong>esse</strong></span> <span class='ocrx_word' id='word_1_232' title='bbox 1487 2620 1695 2667; x_wconf 89' lang='lat' dir='ltr'><strong>certum</strong></span> <span class='ocrx_word' id='word_1_233' title='bbox 1733 2620 1814 2666; x_wconf 91' lang='lat' dir='ltr'><strong>est</strong></span> <span class='ocrx_word' id='word_1_234' title='bbox 1854 2609 1951 2683; x_wconf 84' lang='lat' dir='ltr'><strong>(cf.</strong></span> 
     </span>
     <span class='ocr_line' id='line_1_27' title="bbox 122 2702 1955 2778; baseline -0.001 -22"><span class='ocrx_word' id='word_1_235' title='bbox 122 2702 186 2757; x_wconf 88' lang='lat' dir='ltr'><strong>L.</strong></span> <span class='ocrx_word' id='word_1_236' title='bbox 226 2703 434 2758; x_wconf 87' lang='lat' dir='ltr'><strong>Lersch</strong></span> <span class='ocrx_word' id='word_1_237' title='bbox 477 2705 808 2777; x_wconf 86' lang='lat' dir='ltr'><strong>sprachphil.</strong></span> <span class='ocrx_word' id='word_1_238' title='bbox 849 2705 900 2760; x_wconf 90' lang='lat' dir='ltr'><strong>d.</strong></span> <span class='ocrx_word' id='word_1_239' title='bbox 939 2705 1029 2758; x_wconf 87' lang='lat' dir='ltr'><strong>alt·</strong></span> <span class='ocrx_word' id='word_1_240' title='bbox 1073 2706 1104 2760; x_wconf 95' lang='lat' dir='ltr'><strong>I</strong></span> <span class='ocrx_word' id='word_1_241' title='bbox 1142 2725 1193 2778; x_wconf 92' lang='lat' dir='ltr'><strong>p.</strong></span> <span class='ocrx_word' id='word_1_242' title='bbox 1224 2706 1367 2774; x_wconf 74' lang='lat'><strong>196),</strong></span> <span class='ocrx_word' id='word_1_243' title='bbox 1425 2724 1549 2760; x_wconf 90' lang='lat' dir='ltr'><strong>cum</strong></span> <span class='ocrx_word' id='word_1_244' title='bbox 1588 2704 1781 2775; x_wconf 89' lang='lat' dir='ltr'><strong>quibus</strong></span> <span class='ocrx_word' id='word_1_245' title='bbox 1817 2702 1955 2758; x_wconf 91' lang='lat' dir='ltr'><strong>locis</strong></span> 
     </span>
    </p>
   </div>
   <div class='ocr_carea' id='block_1_3' title="bbox 134 2834 402 2843">
    <p class='ocr_par' dir='ltr' id='par_1_3' title="bbox 134 2834 402 2843">
     <span class='ocr_line' id='line_1_28' title="bbox 134 2834 402 2843; baseline 0 1213"><span class='ocrx_word' id='word_1_246' title='bbox 134 2834 402 2843; x_wconf 95' lang='lat' dir='ltr'><strong> </strong></span> 
     </span>
    </p>
   </div>
   <div class='ocr_carea' id='block_1_4' title="bbox 124 2912 1957 3609">
    <p class='ocr_par' dir='ltr' id='par_1_4' title="bbox 124 2912 1957 3609">
     <span class='ocr_line' id='line_1_29' title="bbox 293 2912 1955 2973; baseline 0.001 -16"><span class='ocrx_word' id='word_1_247' title='bbox 293 2912 334 2968; x_wconf 93' lang='lat'><strong>1)</strong></span> <span class='ocrx_word' id='word_1_248' title='bbox 362 2913 544 2958; x_wconf 83' lang='lat' dir='ltr'><strong>Laudat</strong></span> <span class='ocrx_word' id='word_1_249' title='bbox 574 2914 752 2958; x_wconf 87' lang='lat' dir='ltr'><strong>Plinius</strong></span> <span class='ocrx_word' id='word_1_250' title='bbox 783 2914 954 2958; x_wconf 91' lang='lat' dir='ltr'><strong>librum</strong></span> <span class='ocrx_word' id='word_1_251' title='bbox 973 2913 1038 2958; x_wconf 90' lang='lat' dir='ltr'><strong>XI</strong></span> <span class='ocrx_word' id='word_1_252' title='bbox 1059 2930 1103 2972; x_wconf 89' lang='lat' dir='ltr'><strong>p.</strong></span> <span class='ocrx_word' id='word_1_253' title='bbox 1123 2915 1223 2970; x_wconf 85' lang='lat'><strong>131,</strong></span> <span class='ocrx_word' id='word_1_254' title='bbox 1243 2915 1312 2960; x_wconf 89' lang='lat'><strong>18.</strong></span> <span class='ocrx_word' id='word_1_255' title='bbox 1332 2916 1431 2970; x_wconf 86' lang='lat'><strong>141,</strong></span> <span class='ocrx_word' id='word_1_256' title='bbox 1446 2916 1505 2962; x_wconf 86' lang='lat'><strong>30</strong></span> <span class='ocrx_word' id='word_1_257' title='bbox 1538 2917 1615 2973; x_wconf 87' lang='lat' dir='ltr'><strong>(cf.</strong></span> <span class='ocrx_word' id='word_1_258' title='bbox 1648 2915 1955 2961; x_wconf 86' lang='lat' dir='ltr'><strong>Schottmuel-</strong></span> 
     </span>
     <span class='ocr_line' id='line_1_30' title="bbox 124 2989 1957 3052; baseline 0.002 -17"><span class='ocrx_word' id='word_1_259' title='bbox 124 2989 195 3036; x_wconf 79' lang='lat' dir='ltr'><strong>lor</strong></span> <span class='ocrx_word' id='word_1_260' title='bbox 223 2991 254 3035; x_wconf 91' lang='lat' dir='ltr'><strong>l.</strong></span> <span class='ocrx_word' id='word_1_261' title='bbox 285 2990 315 3036; x_wconf 91' lang='lat' dir='ltr'><strong>l.</strong></span> <span class='ocrx_word' id='word_1_262' title='bbox 344 3006 389 3048; x_wconf 87' lang='lat' dir='ltr'><strong>p.</strong></span> <span class='ocrx_word' id='word_1_263' title='bbox 414 2991 506 3047; x_wconf 90' lang='lat'><strong>41).</strong></span> <span class='ocrx_word' id='word_1_264' title='bbox 537 3005 582 3048; x_wconf 89' lang='lat' dir='ltr'><strong>p.</strong></span> <span class='ocrx_word' id='word_1_265' title='bbox 599 2990 701 3046; x_wconf 80' lang='lat'><strong>142,</strong></span> <span class='ocrx_word' id='word_1_266' title='bbox 725 2992 798 3047; x_wconf 77' lang='lat'><strong>21,</strong></span> <span class='ocrx_word' id='word_1_267' title='bbox 840 2992 1013 3037; x_wconf 85' lang='lat' dir='ltr'><strong>librum</strong></span> <span class='ocrx_word' id='word_1_268' title='bbox 1043 2993 1153 3036; x_wconf 91' lang='lat' dir='ltr'>XIII</span> <span class='ocrx_word' id='word_1_269' title='bbox 1182 3009 1227 3050; x_wconf 89' lang='lat' dir='ltr'><strong>p.</strong></span> <span class='ocrx_word' id='word_1_270' title='bbox 1256 2994 1357 3050; x_wconf 86' lang='lat'><strong>105,</strong></span> <span class='ocrx_word' id='word_1_271' title='bbox 1378 2994 1446 3038; x_wconf 96' lang='lat'><strong>14.</strong></span> <span class='ocrx_word' id='word_1_272' title='bbox 1479 3010 1524 3051; x_wconf 88' lang='lat' dir='ltr'><strong>p.</strong></span> <span class='ocrx_word' id='word_1_273' title='bbox 1544 2994 1644 3052; x_wconf 84' lang='lat'><strong>139,</strong></span> <span class='ocrx_word' id='word_1_274' title='bbox 1673 2997 1744 3052; x_wconf 81' lang='lat'><strong>15,</strong></span> <span class='ocrx_word' id='word_1_275' title='bbox 1785 2997 1957 3040; x_wconf 89' lang='lat' dir='ltr'><strong>librum</strong></span> 
     </span>
     <span class='ocr_line' id='line_1_31' title="bbox 125 3067 1955 3132; baseline 0.002 -19"><span class='ocrx_word' id='word_1_276' title='bbox 125 3067 255 3113; x_wconf 88' lang='lat' dir='ltr'>XXII</span> <span class='ocrx_word' id='word_1_277' title='bbox 285 3085 331 3127; x_wconf 89' lang='lat' dir='ltr'><strong>p.</strong></span> <span class='ocrx_word' id='word_1_278' title='bbox 350 3069 450 3126; x_wconf 80' lang='lat'><strong>142,</strong></span> <span class='ocrx_word' id='word_1_279' title='bbox 469 3070 541 3115; x_wconf 82' lang='grc'><strong>20.</strong></span> <span class='ocrx_word' id='word_1_280' title='bbox 582 3074 827 3128; x_wconf 84' lang='lat' dir='ltr'><strong>praeterea</strong></span> <span class='ocrx_word' id='word_1_281' title='bbox 857 3086 881 3115; x_wconf 91' lang='lat' dir='ltr'><strong>e</strong></span> <span class='ocrx_word' id='word_1_282' title='bbox 912 3071 1063 3115; x_wconf 89' lang='lat' dir='ltr'><strong>Plinio</strong></span> <span class='ocrx_word' id='word_1_283' title='bbox 1094 3071 1230 3116; x_wconf 85' lang='lat' dir='ltr'><strong>fluxit</strong></span> <span class='ocrx_word' id='word_1_284' title='bbox 1257 3073 1387 3118; x_wconf 88' lang='lat' dir='ltr'><strong>locus</strong></span> <span class='ocrx_word' id='word_1_285' title='bbox 1417 3089 1462 3131; x_wconf 90' lang='lat' dir='ltr'><strong>p.</strong></span> <span class='ocrx_word' id='word_1_286' title='bbox 1482 3074 1624 3130; x_wconf 80' lang='lat'><strong>106‚2</strong></span> <span class='ocrx_word' id='word_1_287' title='bbox 1658 3074 1736 3132; x_wconf 89' lang='lat' dir='ltr'><strong>(cf.</strong></span> <span class='ocrx_word' id='word_1_288' title='bbox 1775 3074 1955 3119; x_wconf 87' lang='lat' dir='ltr'><strong>Schott-</strong></span> 
     </span>
     <span class='ocr_line' id='line_1_32' title="bbox 127 3149 1955 3209; baseline 0.001 -17"><span class='ocrx_word' id='word_1_289' title='bbox 127 3149 322 3194; x_wconf 87' lang='lat' dir='ltr'><strong>mueller</strong></span> <span class='ocrx_word' id='word_1_290' title='bbox 352 3165 396 3207; x_wconf 92' lang='lat' dir='ltr'><strong>p.</strong></span> <span class='ocrx_word' id='word_1_291' title='bbox 417 3149 512 3205; x_wconf 86' lang='lat'><strong>43),</strong></span> <span class='ocrx_word' id='word_1_292' title='bbox 545 3164 682 3207; x_wconf 88' lang='lat' dir='ltr'><strong>quem</strong></span> <span class='ocrx_word' id='word_1_293' title='bbox 714 3150 762 3194; x_wconf 91' lang='lat' dir='ltr'><strong>in</strong></span> <span class='ocrx_word' id='word_1_294' title='bbox 794 3151 904 3195; x_wconf 89' lang='lat' dir='ltr'><strong>libri</strong></span> <span class='ocrx_word' id='word_1_295' title='bbox 932 3151 989 3195; x_wconf 88' lang='lat' dir='ltr'><strong>de</strong></span> <span class='ocrx_word' id='word_1_296' title='bbox 1019 3150 1098 3196; x_wconf 88' lang='lat'><strong>1.1.</strong></span> <span class='ocrx_word' id='word_1_297' title='bbox 1132 3151 1287 3195; x_wconf 88' lang='lat' dir='ltr'><strong>octaui</strong></span> <span class='ocrx_word' id='word_1_298' title='bbox 1319 3166 1372 3195; x_wconf 88' lang='lat' dir='ltr'><strong>ea</strong></span> <span class='ocrx_word' id='word_1_299' title='bbox 1401 3155 1535 3209; x_wconf 88' lang='lat' dir='ltr'><strong>parte</strong></span> <span class='ocrx_word' id='word_1_300' title='bbox 1567 3167 1681 3209; x_wconf 87' lang='lat' dir='ltr'><strong>quae</strong></span> <span class='ocrx_word' id='word_1_301' title='bbox 1714 3150 1955 3196; x_wconf 87' lang='lat' dir='ltr'><strong>intercidit</strong></span> 
     </span>
     <span class='ocr_line' id='line_1_33' title="bbox 126 3218 1955 3288; baseline 0.001 -15"><span class='ocrx_word' id='word_1_302' title='bbox 126 3218 266 3274; x_wconf 79' lang='lat' dir='ltr'><strong>fuisse</strong></span> <span class='ocrx_word' id='word_1_303' title='bbox 296 3228 414 3274; x_wconf 88' lang='lat' dir='ltr'><strong>uidit</strong></span> <span class='ocrx_word' id='word_1_304' title='bbox 453 3228 504 3276; x_wconf 90' lang='lat' dir='ltr'><strong>O.</strong></span> <span class='ocrx_word' id='word_1_305' title='bbox 538 3228 734 3274; x_wconf 87' lang='lat' dir='ltr'><strong>Mueller</strong></span> <span class='ocrx_word' id='word_1_306' title='bbox 775 3231 918 3288; x_wconf 89' lang='lat' dir='ltr'><strong>praef.</strong></span> <span class='ocrx_word' id='word_1_307' title='bbox 952 3230 1084 3275; x_wconf 88' lang='lat' dir='ltr'><strong>Varr.</strong></span> <span class='ocrx_word' id='word_1_308' title='bbox 1117 3246 1162 3288; x_wconf 93' lang='lat' dir='ltr'><strong>p.</strong></span> <span class='ocrx_word' id='word_1_309' title='bbox 1184 3229 1456 3276; x_wconf 91' lang='lat' dir='ltr'>XXXXVII.</span> <span class='ocrx_word' id='word_1_310' title='bbox 1507 3246 1563 3275; x_wconf 84' lang='lat' dir='ltr'><strong>ex</strong></span> <span class='ocrx_word' id='word_1_311' title='bbox 1604 3231 1764 3276; x_wconf 90' lang='lat' dir='ltr'><strong>eodem</strong></span> <span class='ocrx_word' id='word_1_312' title='bbox 1805 3231 1955 3275; x_wconf 88' lang='lat' dir='ltr'><strong>Plinio</strong></span> 
     </span>
     <span class='ocr_line' id='line_1_34' title="bbox 126 3305 1955 3369; baseline 0.001 -16"><span class='ocrx_word' id='word_1_313' title='bbox 126 3305 294 3354; x_wconf 89' lang='lat' dir='ltr'><strong>librum</strong></span> <span class='ocrx_word' id='word_1_314' title='bbox 323 3307 391 3353; x_wconf 87' lang='lat' dir='ltr'><strong>XI</strong></span> <span class='ocrx_word' id='word_1_315' title='bbox 419 3309 625 3355; x_wconf 84' lang='lat' dir='ltr'><strong>hausisse</strong></span> <span class='ocrx_word' id='word_1_316' title='bbox 643 3310 877 3355; x_wconf 85' lang='lat' dir='ltr'><strong>Romanus</strong></span> <span class='ocrx_word' id='word_1_317' title='bbox 911 3326 958 3368; x_wconf 89' lang='lat' dir='ltr'><strong>p.</strong></span> <span class='ocrx_word' id='word_1_318' title='bbox 977 3312 1048 3366; x_wconf 86' lang='lat'><strong>80,</strong></span> <span class='ocrx_word' id='word_1_319' title='bbox 1065 3311 1092 3355; x_wconf 90' lang='grc'><strong>3</strong></span> <span class='ocrx_word' id='word_1_320' title='bbox 1125 3312 1179 3356; x_wconf 92' lang='lat' dir='ltr'><strong>cl.</strong></span> <span class='ocrx_word' id='word_1_321' title='bbox 1197 3310 1391 3369; x_wconf 90' lang='lat' dir='ltr'><strong>Pompei</strong></span> <span class='ocrx_word' id='word_1_322' title='bbox 1407 3327 1451 3368; x_wconf 91' lang='lat' dir='ltr'><strong>p.</strong></span> <span class='ocrx_word' id='word_1_323' title='bbox 1472 3311 1571 3355; x_wconf 82' lang='lat'><strong>154.</strong></span> <span class='ocrx_word' id='word_1_324' title='bbox 1605 3311 1736 3355; x_wconf 89' lang='lat' dir='ltr'><strong>Char.</strong></span> <span class='ocrx_word' id='word_1_325' title='bbox 1754 3325 1800 3367; x_wconf 89' lang='lat' dir='ltr'><strong>p.</strong></span> <span class='ocrx_word' id='word_1_326' title='bbox 1815 3310 1886 3365; x_wconf 87' lang='lat'><strong>37,</strong></span> <span class='ocrx_word' id='word_1_327' title='bbox 1900 3308 1955 3354; x_wconf 90' lang='lat'><strong>13</strong></span> 
     </span>
     <span class='ocr_line' id='line_1_35' title="bbox 125 3387 1956 3449; baseline 0.001 -17"><span class='ocrx_word' id='word_1_328' title='bbox 125 3387 327 3435; x_wconf 79' lang='lat' dir='ltr'><strong>uidetur.</strong></span> <span class='ocrx_word' id='word_1_329' title='bbox 358 3395 540 3435; x_wconf 85' lang='lat' dir='ltr'><strong>restant</strong></span> <span class='ocrx_word' id='word_1_330' title='bbox 571 3391 664 3436; x_wconf 91' lang='lat' dir='ltr'><strong>loci</strong></span> <span class='ocrx_word' id='word_1_331' title='bbox 693 3391 827 3448; x_wconf 86' lang='lat' dir='ltr'><strong>p.58‚</strong></span> <span class='ocrx_word' id='word_1_332' title='bbox 849 3390 906 3435; x_wconf 87' lang='lat'><strong>17</strong></span> <span class='ocrx_word' id='word_1_333' title='bbox 937 3390 1010 3448; x_wconf 88' lang='lat' dir='ltr'><strong>(de</strong></span> <span class='ocrx_word' id='word_1_334' title='bbox 1040 3391 1070 3436; x_wconf 94' lang='lat' dir='ltr'><strong>l.</strong></span> <span class='ocrx_word' id='word_1_335' title='bbox 1101 3392 1131 3436; x_wconf 95' lang='lat' dir='ltr'><strong>l.</strong></span> <span class='ocrx_word' id='word_1_336' title='bbox 1163 3390 1280 3436; x_wconf 84' lang='lat' dir='ltr'><strong>V18</strong></span> <span class='ocrx_word' id='word_1_337' title='bbox 1305 3407 1350 3449; x_wconf 91' lang='lat' dir='ltr'><strong>p.</strong></span> <span class='ocrx_word' id='word_1_338' title='bbox 1374 3391 1475 3447; x_wconf 87' lang='lat'><strong>131)</strong></span> <span class='ocrx_word' id='word_1_339' title='bbox 1511 3390 1656 3446; x_wconf 85' lang='lat'><strong>73,10</strong></span> <span class='ocrx_word' id='word_1_340' title='bbox 1698 3389 1756 3433; x_wconf 91' lang='lat' dir='ltr'><strong>ad</strong></span> <span class='ocrx_word' id='word_1_341' title='bbox 1789 3389 1881 3433; x_wconf 86' lang='lat' dir='ltr'><strong>Cic.</strong></span> <span class='ocrx_word' id='word_1_342' title='bbox 1915 3389 1956 3434; x_wconf 90' lang='lat' dir='ltr'><strong>V</strong></span> 
     </span>
     <span class='ocr_line' id='line_1_36' title="bbox 132 3466 1957 3528; baseline 0.002 -18"><span class='ocrx_word' id='word_1_343' title='bbox 132 3466 241 3523; x_wconf 86' lang='lat'>(108</span> <span class='ocrx_word' id='word_1_344' title='bbox 267 3482 312 3525; x_wconf 88' lang='lat' dir='ltr'><strong>p.</strong></span> <span class='ocrx_word' id='word_1_345' title='bbox 334 3466 436 3528; x_wconf 88' lang='lat'><strong>111)</strong></span> <span class='ocrx_word' id='word_1_346' title='bbox 468 3470 656 3526; x_wconf 87' lang='grc'><strong>104,13.</strong></span> <span class='ocrx_word' id='word_1_347' title='bbox 695 3471 796 3526; x_wconf 89' lang='lat'><strong>104,</strong></span> <span class='ocrx_word' id='word_1_348' title='bbox 816 3471 875 3515; x_wconf 80' lang='lat'><strong>28</strong></span> <span class='ocrx_word' id='word_1_349' title='bbox 915 3470 975 3515; x_wconf 86' lang='lat' dir='ltr'><strong>ad</strong></span> <span class='ocrx_word' id='word_1_350' title='bbox 1015 3471 1108 3517; x_wconf 84' lang='lat' dir='ltr'><strong>Cic.</strong></span> <span class='ocrx_word' id='word_1_351' title='bbox 1142 3471 1250 3516; x_wconf 91' lang='lat' dir='ltr'>VIII</span> <span class='ocrx_word' id='word_1_352' title='bbox 1282 3470 1360 3527; x_wconf 81' lang='lat'><strong>(54</strong></span> <span class='ocrx_word' id='word_1_353' title='bbox 1390 3486 1435 3528; x_wconf 94' lang='lat' dir='ltr'><strong>p.</strong></span> <span class='ocrx_word' id='word_1_354' title='bbox 1470 3470 1571 3526; x_wconf 85' lang='lat'>130)</span> <span class='ocrx_word' id='word_1_355' title='bbox 1604 3485 1649 3527; x_wconf 88' lang='lat' dir='ltr'><strong>p.</strong></span> <span class='ocrx_word' id='word_1_356' title='bbox 1680 3469 1780 3525; x_wconf 80' lang='lat'><strong>105,</strong></span> <span class='ocrx_word' id='word_1_357' title='bbox 1801 3468 1859 3514; x_wconf 88' lang='lat'><strong>14</strong></span> <span class='ocrx_word' id='word_1_358' title='bbox 1897 3468 1957 3514; x_wconf 86' lang='lat' dir='ltr'><strong>ad</strong></span> 
     </span>
     <span class='ocr_line' id='line_1_37' title="bbox 132 3547 1716 3609; baseline 0.001 -15"><span class='ocrx_word' id='word_1_359' title='bbox 132 3547 224 3595; x_wconf 79' lang='lat' dir='ltr'><strong>cic.</strong></span> <span class='ocrx_word' id='word_1_360' title='bbox 240 3547 349 3594; x_wconf 84' lang='lat' dir='ltr'>XIII</span> <span class='ocrx_word' id='word_1_361' title='bbox 379 3565 494 3608; x_wconf 88' lang='lat' dir='ltr'><strong>quos</strong></span> <span class='ocrx_word' id='word_1_362' title='bbox 525 3552 678 3597; x_wconf 89' lang='lat' dir='ltr'><strong>Plinio</strong></span> <span class='ocrx_word' id='word_1_363' title='bbox 713 3552 968 3598; x_wconf 81' lang='lat' dir='ltr'><strong>Romanum</strong></span> <span class='ocrx_word' id='word_1_364' title='bbox 998 3552 1169 3599; x_wconf 88' lang='lat' dir='ltr'><strong>debere</strong></span> <span class='ocrx_word' id='word_1_365' title='bbox 1200 3552 1512 3599; x_wconf 83' lang='lat' dir='ltr'><strong>demonstrari</strong></span> <span class='ocrx_word' id='word_1_366' title='bbox 1541 3551 1716 3609; x_wconf 88' lang='lat' dir='ltr'><strong>nequit.</strong></span> 
     </span>
    </p>
   </div>
  </div>
 </body>
</html>
