2280 4088
1022 315 1119 363 129

157 462 337 517 multis
376 459 596 532 quidem
636 460 788 513 libris
827 459 1003 512 Varro
1043 457 1274 529 Pompei
1311 475 1509 509 nomen
1563 457 1860 511 inscribere
1899 478 1988 530 pa-

154 553 392 621 riterque
447 551 505 604 in
550 551 844 604 multorum
891 567 1117 621 operum
1155 547 1492 619 praefatione
1541 548 1609 601 de
1662 550 1987 620 cognatione

152 643 388 697 aeolicae
421 643 644 712 linguae
697 649 751 694 et
806 641 1004 694 latinae
1045 639 1197 711 loqui
1239 640 1430 711 potuit,
1489 640 1586 694 sed
1623 641 1760 694 haec
1799 641 1989 712 singu-

152 734 281 788 laris
319 741 764 805 argumentorum
819 731 1190 803 congruentia,
1251 739 1548 800 praeeunte
1590 731 1889 785 Ritschelio
1939 752 1990 785 n.

154 844 289 880 muS.
323 825 404 878 rh.
427 824 511 878 VI
534 845 585 897 p.
607 824 706 878 531
730 842 827 893 sq.,
855 841 941 876 me
969 830 1152 875 mouet
1170 831 1228 875 ut
1254 822 1323 875 ad
1345 822 1566 875 eosdem
1593 823 1760 876 libros
1782 830 1989 876 utrum-

155 935 260 986 que
289 916 657 969 testimonium
691 916 942 981 referam,
986 914 1159 968 donec
1198 922 1410 967 constat
1449 913 1516 966 de
1549 932 1715 987 opere
1758 914 1991 984 quodam

154 1007 224 1060 ad
243 1007 564 1078 Pompeium
591 1006 773 1074 misso,
813 1006 900 1059 cui
937 1006 1046 1058 talc
1086 1005 1424 1078 prooemium
1461 1013 1647 1078 aptum
1687 1014 1785 1060 est.
1825 1006 1989 1060 hodie

154 1106 334 1152 autem
372 1106 590 1168 praeter
627 1097 967 1167 isagogicum
1011 1114 1082 1149 ex
1119 1116 1224 1168 quo
1263 1096 1499 1150 disceret
1529 1097 1826 1168 Pompeius
1871 1116 1992 1150 con-

56 1255 58 1257 ,
101 1188 106 1191 ’
153 1189 255 1258 sul,
293 1196 412 1255 quid
430 1194 596 1253 faeere
623 1195 877 1254 dicereque
904 1194 1098 1241 deberet
1126 1208 1234 1241 eum
1269 1196 1493 1242 senatum
1529 1194 1799 1243 consuleret
1818 1187 1988 1255 (G‘ell.

152 1279 336 1337 XIIII
357 1280 404 1346 7,
424 1279 479 1345 2)
534 1286 588 1330 et
623 1278 1032 1350 ephemeridem
1075 1278 1323 1331 naualem
1372 1278 1572 1348 (itiner.
1609 1278 1919 1332 Alexandri
1954 1281 1987 1333 6

153 1370 238 1424 ed.
274 1387 355 1441 pr.
378 1368 504 1424 Mai.
521 1370 572 1422 3.
615 1369 720 1441 p.5
756 1369 913 1423 class.
953 1376 1093 1422 auct.
1126 1369 1412 1436 u01.V11>,
1450 1368 1518 1421 de
1560 1369 1754 1438 quibus
1790 1369 1848 1423 in
1885 1370 1988 1422 hac

151 1477 212 1513 re
250 1478 410 1519 nemo
449 1458 731 1530 cogitabit,
769 1458 837 1511 ad
865 1458 1187 1531 Pompeium
1220 1458 1422 1511 librum
1459 1459 1698 1531 aliquem
1728 1460 1991 1531 scriptum

153 1568 274 1609 esse
322 1549 606 1604 nescimus.
684 1549 909 1620 egregie
947 1566 1079 1602 uero
1117 1549 1212 1601 illa
1252 1549 1342 1618 (fr.
1381 1549 1503 1615 106)
1555 1549 1760 1603 habent
1806 1550 1988 1603 locum

151 1659 309 1694 suum
350 1640 440 1710 (cf.
478 1641 728 1713 Spengel
764 1641 801 1695 l.
825 1661 865 1694 s,
904 1640 1028 1711 p.7)
1065 1640 1123 1694 in
1158 1640 1438 1711 prooemio
1474 1640 1738 1694 librorum
1776 1640 1844 1694 de
1889 1641 1990 1695 ori-

151 1737 283 1808 gine
317 1736 540 1808 linguae
576 1736 796 1804 latinae,
833 1735 926 1788 ubi
961 1734 1128 1804 igitur
1156 1733 1474 1786 Euandrum
1516 1751 1640 1786 eum
1679 1751 1797 1787 esse
1833 1734 1987 1802 dixit,

153 1847 184 1880 a
222 1846 326 1899 quo
363 1827 587 1898 linguae
624 1826 861 1880 aeolicae
905 1833 959 1878 et
994 1825 1192 1878 latinae
1230 1823 1523 1878 similitudo
1561 1825 1863 1897 repetenda
1904 1825 1989 1878 sit.

154 1937 275 1983 cum
314 1918 524 1972 aeolico
573 1935 824 1972 sermone
866 1917 1096 1970 latinum
1148 1916 1361 1988 saepius
1414 1916 1760 1968 contulerunt
1800 1917 1990 1987 uolga-

153 2028 382 2080 remque
430 2010 498 2064 de
549 2010 649 2063 hac
693 2028 752 2063 re
802 2008 1126 2063 sententiam
1179 2007 1390 2079 profert
1433 2007 1798 2075 Quintilianus
1843 2007 1990 2078 (inst.

155 2101 352 2172 or.·16,
374 2101 493 2169 31):
542 2101 803 2155 ‘continet
842 2100 1226 2171 (etymologia)
1279 2099 1335 2152 in
1376 2117 1431 2151 se
1473 2099 1696 2152 multam
1736 2099 1991 2153 eruditio-

154 2212 297 2262 nem,
355 2194 470 2247 siue
508 2211 576 2247 ex
619 2194 832 2263 graecis
873 2202 989 2247 orta
1033 2201 1347 2262 tractemUS,
1410 2212 1548 2263 quae
1589 2203 1714 2248 sunt
1762 2195 1996 2266 plurima

155 2285 560 2357 praecipueque
599 2292 782 2340 aeolica
818 2285 1048 2354 ratione,
1104 2286 1187 2338 cui
1226 2293 1307 2338 est
1346 2304 1524 2339 sermo
1565 2293 1752 2338 noster
1786 2285 1993 2339 similli-

157 2394 295 2444 muS,
325 2374 613 2444 declinata,
665 2375 794 2428 siue’
839 2393 884 2429 e.
919 2393 968 2445 q.
998 2396 1040 2429 S.
1083 2376 1243 2428 etiam
1279 2377 1309 2430 I
1341 2376 1388 2441 5,
1417 2375 1485 2428 55
1520 2375 1673 2428 latini
1714 2383 1768 2429 et
1806 2377 1988 2447 graeci

156 2465 423 2519 sermonis
452 2466 862 2519 similitudinem
890 2466 1115 2538 premit:
1156 2466 1343 2519 ‘uerba
1378 2475 1470 2519 aut
1508 2467 1673 2519 latina
1714 2475 1806 2520 aut
1837 2487 1992 2540 pere-

156 2557 316 2628 grina
366 2567 507 2612 sunt.
583 2559 876 2630 peregrina
924 2576 1086 2628 porro
1143 2576 1213 2610 ex
1258 2558 1504 2611 omnibus
1545 2577 1716 2631 prope
1759 2558 1995 2612 dixerim

157 2649 416 2720 gentibus
452 2658 512 2703 ut
547 2650 790 2703 instituta
828 2650 991 2702 etiam
1020 2650 1191 2703 multa
1222 2658 1510 2706 uenerunt.
1544 2660 1698 2705 taceo
1741 2651 1808 2704 de
1849 2660 1998 2706 tuscis

158 2748 217 2794 et
239 2727 436 2795 sabinis‘
449 2747 503 2794 et
516 2749 851 2808 praenestinis
886 2759 1099 2814 quoque
1123 2783 1135 2795 .
1159 2783 1171 2795 .
1199 2782 1210 2794 .
1232 2742 1464 2814 plurima
1494 2748 1679 2810 yalliea
1704 2743 1996 2796 ualuerunt

199 2875 212 2888 .
242 2874 254 2886 .
292 2832 389 2886 sed
422 2833 558 2887 haec
597 2833 792 2887 diuisio
833 2852 954 2886 mea
985 2833 1054 2887 ad
1087 2854 1318 2902 yraeeum
1355 2852 1664 2888 sermonem
1701 2836 1995 2907 praecipue

156 2924 415 2996 pertinet,
450 2944 576 2979 nam
612 2933 666 2978 et
702 2925 938 2979 maxima
981 2943 1047 2978 ex
1084 2933 1240 2998 parte
1264 2944 1521 2979 romanus
1545 2925 1675 2979 inde
1698 2944 1995 2981 conuersus

161 3023 260 3084 est,
293 3022 346 3068 et
385 3016 643 3069 confessis
682 3035 896 3089 quoque
932 3018 1149 3087 graecis
1190 3017 1391 3070 utimur
1429 3018 1631 3087 uerbis,
1679 3017 1772 3070 ubi
1809 3026 1998 3071 nostra

163 3103 392 3172 desunt’,
426 3105 494 3158 cf.
532 3105 691 3159 Varr.
733 3106 800 3159 de
839 3106 930 3160 1.1.
952 3106 1005 3159 V
1033 3107 1099 3160 10
1133 3127 1185 3179 p.
1206 3106 1289 3159 22.
1328 3107 1383 3161 Χ
1410 3107 1477 3159 69
1514 3127 1566 3180 p.
1588 3107 1690 3161 582
1707 3126 1784 3176 sq.

180 3183 183 3186 ⁴
325 3193 410 3248 Ita
454 3195 543 3249 uia
595 3196 802 3250 munita
849 3197 997 3250 aliud
1050 3216 1266 3270 quoque
1305 3198 1452 3269 Lydi
1505 3198 1875 3251 testimonium
1913 3198 1997 3252 his

162 3285 315 3339 libris
352 3286 698 3340 tribuendum
735 3296 830 3341 est.
907 3289 1096 3341 scribit
1130 3289 1275 3342 enim
1300 3289 1357 3342 in
1402 3279 1602 3342 eodem'
1641 3306 1806 3358 opere
1847 3288 1997 3341 1113

163 3375 330 3433 haec:
379 3374 468 3442 τὴν
521 3376 578 3427 δὲ
614 3373 739 3444 ὅλην
790 3374 1120 3444 κατασκευὴν
1156 3379 1248 3428 τοῦ
1291 3376 1659 3445 περιζώματος
1711 3374 1757 3427 οἱ
1796 3377 1996 3428 ,Γάλλοι

166 3470 506 3532 καρταμέραν
524 3465 826 3534 (λέγουσιν),
865 3462 926 3533 ἣν
949 3465 1005 3517 τὸ
1032 3469 1235 3535 πλῆθος
1271 3468 1612 3534 καρτάλαμον
1649 3466 1703 3528 ἐξ
1729 3466 1998 3527 ἰδιωτείας

167 3551 430 3620 ὀνομάζει.
472 3553 550 3606 ὅτι
589 3558 646 3607 δὲ
686 3555 747 3607 οὗ
785 3555 1085 3623 Ῥωμαικὸν
1123 3559 1269 3610 τουτὶ
1303 3556 1359 3608 τὸ
1403 3555 1675 3625 ῥημάτιον,
1717 3556 1926 3625 μάρτυς
1961 3556 1990 3609 ὅ

1681 3661 1708 3704 9
