2288 4056
1050 344 1078 394 3

315 495 950 550 Alexandrinorum
1002 496 1604 567 grammaticorum
1646 503 1699 547 et
1735 495 1982 566 Perga.-

150 602 505 640 menorum
545 587 718 641 studia
754 588 1022 640 artissime
1064 607 1186 640 cum
1225 595 1340 641 arte
1366 587 1552 640 critica
1581 604 1789 639 conexa
1814 594 1981 638 erant.

147 680 208 729 ut
242 677 310 730 de
351 677 583 748 singulis
620 685 902 750 poetarum
940 677 1075 731 locis
1109 677 1348 730 iudicare
1385 684 1622 748 possent,
1665 677 1820 747 leges
1847 693 1983 745 quae

147 766 393 840 linguam
416 777 678 840 regerent
698 771 1180 842 perscrutabantur
1217 776 1271 821 et
1308 751 1728 822 deliberationes
1767 787 1890 820 suas
1926 767 1983 819 in

147 865 432 931 poetarum
473 859 877 912 commentariis
926 859 1202 928 uariisque
1247 858 1714 911 dissertationibus
1754 856 1981 929 perscri-

150 948 368 1017 bebam,
409 957 463 1001 et
496 949 600 1002 hoc
630 948 792 1001 modo
829 950 1093 1003 immensa
1120 949 1342 1004 materia
1369 949 1663 1002 multorum
1693 947 1984 1018 sagacitate

151 1047 206 1092 et
259 1039 545 1111 diligentia
576 1039 860 1111 paullatim
909 1048 1236 1111 pertractata
1285 1040 1620 1093 uberrimum
1671 1039 1983 1091 thesaurum

151 1130 489 1202 singularum
527 1130 967 1183 obseruationum
1020 1132 1088 1184 dc
1126 1132 1420 1184 uerborum
1466 1131 1522 1183 ui
1564 1130 1775 1201 origine
1814 1128 1980 1181 decli-

150 1219 368 1273 natione
403 1219 787 1274 coniunctione
825 1222 1234 1273 coaceruabant.
1271 1221 1337 1272 ab
1378 1221 1460 1272 his
1483 1220 1716 1292 profecti
1740 1219 1984 1289 singulas

151 1310 496 1384 quaestiones
527 1309 719 1363 ordine
753 1312 886 1364 etin
912 1311 1039 1366 artis
1062 1312 1278 1364 modum
1309 1312 1655 1383 exponebant
1675 1311 1732 1373 ¹).
1771 1309 1985 1381 scripsit

149 1403 257 1458 iam
287 1403 687 1477 Aristophanes
742 1404 1039 1474 Byzantius
1093 1404 1159 1456 de
1211 1403 1461 1474 analogia
1478 1402 1522 1473 2)
1538 1446 1553 1471 ,
1613 1399 1988 1472 Apollodorus

152 1493 509 1548 Atheniensis
532 1493 838 1548 Aristarchi
877 1493 1176 1566 discipulus
1205 1491 1382 1563 (Suid.
1408 1490 1835 1560 Ἀπολλόδωρος)
1866 1489 1988 1555 περὶ

153 1583 509 1653 ὃτυμολογιῶν
546 1584 776 1658 (Athen.
811 1587 900 1641 XI
935 1607 987 1660 p.
1008 1586 1112 1640 483
1133 1588 1200 1640 A.
1242 1586 1302 1639 II
1344 1605 1395 1656 p.
1417 1585 1485 1638 63
1504 1586 1574 1640 D.
1615 1583 1706 1653 al.)
1761 1584 1984 1651 eiusque

153 1677 397 1747 aequalis
413 1678 730 1734 Demetrius
751 1679 916 1732 Ixion
940 1675 1392 1745 ἐτυμολογούμενα
1416 1677 1643 1746 (Athen.
1666 1675 1752 1730 III
1771 1695 1821 1747 p.
1844 1674 1872 1726 7
1876 1674 1910 1724 4
1921 1673 1984 1726 B.

240 1886 241 1890 ¹
319 1893 366 1951 1)
396 1887 497 1938 Hoc
526 1893 631 1938 loc‘o
662 1893 776 1938 haec
809 1880 1022 1951 tetigisse
1055 1897 1103 1938 et
1139 1894 1425 1939 contrariam
1456 1894 1687 1938 rationem
1716 1891 1992 1936 Alexandri-

151 1980 319 2019 norum
349 1977 397 2019 et
430 1976 684 2020 stoicorum
717 1975 1003 2032 significasse
1039 1976 1150 2019 satis
1183 1979 1266 2019 est.
1301 1990 1390 2031 qua
1417 1974 1465 2018 in
1494 1989 1545 2018 re
1577 1973 1737 2030 quanti
1769 1971 1992 2016 momenti

153 2055 214 2099 ad
250 2055 405 2100 studia
444 2056 854 2114 grammaticorum
895 2057 1278 2114 philosophorum
1319 2057 1511 2099 inuenta
1552 2055 1741 2108 fuerint,
1786 2068 1860 2097 me
1892 2065 1985 2096 non

154 2135 291 2202 fltgit.
326 2136 408 2180 sed
440 2136 554 2181 haee
583 2140 639 2180 ut
669 2137 826 2181 omnia
855 2137 1072 2194 longiora
1099 2137 1518 2193 praetermittenda
1550 2140 1696 2181 erant.

311 2217 368 2273 2)
403 2217 460 2261 cf.
487 2217 549 2261 A.
581 2217 743 2261 Nauck
773 2217 1014 2274 Aristoph.
1047 2217 1153 2272 Byz.
1186 2217 1350 2274 fragm.
1386 2232 1429 2274 p.
1450 2216 1550 2261 267.
1610 2215 1804 2260 Charisii
1836 2216 1991 2259 locum

159 2311 204 2354 p.
223 2295 309 2339 116
345 2299 559 2356 specialis
593 2299 848 2355 (analoyia)
883 2308 963 2351 est,
997 2315 1109 2355 quae
1140 2307 1368 2356 spectatur
1400 2315 1516 2342 nunc
1547 2301 1596 2341 in
1636 2299 1764 2341 rebus
1798 2313 1912 2340 'tunc
1943 2300 1993 2339 in

159 2377 424 2422 dictionibus
459 2376 633 2432 (Christ
662 2378 878 2421 miinchn.
909 2379 997 2434 gel.
1018 2393 1112 2421 anz.
1149 2378 1262 2422 1859
1293 2393 1337 2436 p.
1360 2378 1445 2420 221
1483 2393 1507 2421 e
1538 2377 1817 2431 Donatiano,
1848 2380 1992 2419 ratio-

157 2457 287 2500 m‘bus
314 2455 596 2512 cod.Neap.)
629 2468 870 2513 occupata5
902 2461 976 2501 cui
993 2461 1156 2502 Graeci
1186 2460 1359 2502 modum
1391 2462 1524 2502 istius
1554 2459 1673 2501 modi
1704 2458 1991 2501 condiderunt

155 2532 378 2595 ἀναλογία
409 2537 534 2582 ἐστὶν
562 2535 804 2596 συμπλοκὴ
833 2534 984 2595 λόγων
1011 2533 1278 2583 ἀκολούθων
1301 2540 1352 2583 ἐν
1374 2540 1497 2587 λέξει.
1546 2541 1647 2582 kuic
1666 2539 1991 2594 Aristophanes

160 2622 351 2677 quinque
380 2624 582 2664 raciones
615 2621 736 2664 dedit
772 2623 847 2664 uel
880 2630 927 2664 ut
958 2623 1046 2664 alii
1077 2631 1238 2680 putant
1266 2638 1371 2676 seoe5
1412 2624 1556 2679 primo
1590 2629 1638 2662 ut
1673 2619 1867 2662 eiusdem
1905 2620 1995 2660 sint

157 2703 334 2758 generis
364 2701 416 2743 (Ie
460 2703 615 2758 quibus
646 2704 907 2758 quaeritur,
950 2702 1054 2743 dein
1093 2718 1239 2755 casus,
1289 2711 1378 2744 tum
1423 2705 1583 2753 exitus,
1628 2708 1787 2756 quareo
1820 2700 1993 2741 numeri

161 2782 456 2838 syllabarum,
501 2784 607 2824 item
648 2786 747 2824 soni
789 2794 957 2824 uereor
1003 2784 1056 2823 ut
1102 2784 1228 2824 recte
1282 2780 1467 2824 Curtius
1517 2774 1820 2822 Waehsmuth
1870 2790 1998 2819 meus

162 2860 220 2904 de
251 2861 438 2905 cratete
453 2861 579 2905 Mall.
596 2877 642 2919 p.
662 2862 714 2904 11
750 2861 1043 2919 explicuerit.
1076 2876 1219 2918 genus
1252 2861 1374 2904 enim
1407 2861 1548 2904 etiam
1577 2860 1625 2903 in
1642 2858 1864 2903 Varronis
1896 2858 1998 2899 loco

162 2953 299 2996 quem
344 2941 527 2986 confert
565 2941 608 2985 X
634 2942 691 2985 21
723 2957 768 2998 p.
794 2942 882 2986 556
930 2957 987 2986 ex
1028 2942 1115 2985 Ed.
1144 2941 1398 2985 Luebberti
1441 2940 1763 2984 emendatione
1805 2937 1941 2994 (thes.
1960 2936 1999 2978 V

162 3024 341 3076 quaest.
371 3021 534 3078 pontif.
567 3012 702 3078 adn.)
736 3021 786 3064 id
827 3025 896 3065 est
929 3022 1053 3078 quod
1083 3023 1144 3066 M.
1182 3021 1427 3065 Terentius
1469 3019 1702 3064 interdum
1735 3032 1892 3062 sexum
1922 3030 2000 3059 uo-

164 3102 255 3146 cat.
299 3115 437 3145 casus
481 3105 634 3145 autem
671 3101 785 3145 licet
825 3116 852 3145 a
883 3102 1091 3147 Varrone
1123 3115 1452 3158 nonnunquam
1484 3099 1767 3157 generaliter
1798 3097 1999 3154 positum

165 3180 242 3234 sit,
272 3194 301 3224 a
322 3181 530 3226 Romano
561 3183 706 3227 multo
736 3184 999 3240 posteriore
1032 3199 1118 3227 nec
1150 3183 1341 3227 indocto
1373 3182 1619 3238 scriptore,
1653 3179 1728 3224 cui
1759 3179 1870 3221 haec
1891 3176 2001 3219 Cha-

165 3261 302 3306 risius
332 3263 487 3319 debet,
533 3264 622 3308 hoc
653 3265 790 3308 modo
822 3265 1038 3321 usurpari
1070 3279 1166 3308 non
1197 3265 1352 3320 potuit
1383 3263 1421 3306 si
1450 3262 1659 3317 intellegi
1691 3258 1853 3302 uoluit.
1898 3256 2003 3299 reli-

166 3354 264 3398 «ιω
301 3357 407 3388 oum
449 3345 686 3401 generalia
729 3345 824 3388 sint
855 3348 903 3388 et
934 3345 1083 3388 Varro
1114 3359 1296 3401 quoque
1332 3345 1362 3388 l.
1398 3359 1430 3387 s.
1466 3343 1523 3385 de
1554 3341 1790 3385 nominum
1820 3340 2002 3380 tantum

169 3421 385 3480 analogia
413 3424 643 3481 loquatur,
679 3425 854 3468 nullam
885 3424 1224 3468 dubitationem
1258 3427 1460 3469 mouent,
1495 3422 1552 3465 de
1584 3420 1743 3463 eadem
1777 3418 1851 3472 (cf.
1873 3417 2002 3461 Varr.

171 3499 230 3545 dn
258 3501 332 3546 kl.
350 3503 457 3548 VIII
474 3502 532 3548 13
546 3520 592 3562 p.
609 3504 717 3559 401)
745 3505 1110 3561 Aristophanum
1137 3504 1307 3560 egisse3
1342 3500 1465 3559 quod
1495 3500 1532 3542 si
1565 3499 1696 3542 huius
1731 3496 2004 3552 disciplinae

172 3595 446 3640 progressus
478 3588 675 3646 spectas,
708 3601 800 3629 non
834 3586 1002 3629 nullius
1033 3585 1255 3628 momenti
1291 3588 1373 3626 est.
