2236 4030
1190 367 1253 413 14

303 514 589 573 litterarum,
625 516 678 563 in
713 529 805 575 quo
844 510 934 577 (cf.
973 511 1044 565 A.
1081 511 1275 565 Nauck
1314 514 1484 567 Arist.
1519 515 1652 584 Byz.
1690 515 1754 567 fr.
1791 534 1844 587 p.
1868 514 1986 568 269.
2061 514 2127 567 L.

305 597 550 669 Spengel
590 599 816 652 Emend.
841 600 999 654 Varr.
1037 620 1088 672 p.
1113 603 1167 670 7)
1209 613 1279 656 est
1313 608 1667 669 Aristophanes
1704 614 1750 659 et
1773 609 2123 670 Apollodorus.

306 708 441 759 quae
478 709 600 742 cum
640 692 1013 746 demonstrent
1062 702 1279 763 praeter
1315 695 1789 764 grammaticorum
1825 695 2129 747 Varronem

306 778 465 830 etiam
502 778 784 832 Cleanthis
816 781 986 852 ‘quasi
1028 783 1289 834 maiorum
1322 785 1563 853 gentium
1610 785 1775 836 stoici’
1811 783 1948 854 (Cic.
1983 783 2128 836 acad.

304 875 442 938 post.
463 868 605 921 1141
632 870 768 938 126),
808 870 897 942 qui
927 871 1141 941 scripsit
1172 873 1296 938 περί
1319 876 1411 923 τοῦ
1430 874 1584 942 λόγου
1617 876 1785 929 libros
1814 883 1924 928 tres
1954 874 2037 941 (L.
2058 875 2128 928 D.

303 954 415 1007 VII
454 956 590 1024 175),
649 955 962 1030 Chrysippi,
1007 960 1282 1031 Antipatri
1322 963 1602 1016 Tarsensis
1641 964 1907 1035 Diogenis
1947 964 2126 1034 Baby-

302 1045 434 1096 lonii
472 1045 738 1117 discipuli,
793 1049 883 1119 qui
921 1049 1042 1115 περὶ
1079 1050 1268 1111 λέξεων
1301 1050 1392 1102 καί
1427 1053 1530 1102 τῶν
1567 1054 1856 1120 λεγομένων
1892 1053 2127 1126 disputa-

301 1134 380 1186 uit
418 1134 591 1203 (L.D.
616 1135 726 1189 VII
749 1138 833 1191 58.
875 1141 942 1192 cf.
981 1139 1040 1193 P.
1063 1140 1133 1194 A.
1157 1140 1396 1195 Wuillot
1434 1143 1500 1196 de
1541 1143 1730 1215 Antip.
1768 1143 1916 1198 Tars,
1955 1162 2007 1215 p.
2040 1143 2126 1197 69.

302 1225 412 1294 42),
448 1225 617 1279 libros
654 1226 925 1302 lectitasse
961 1236 1015 1281 et
1051 1229 1107 1282 in
1144 1230 1312 1283 altera
1350 1231 1522 1284 triade
1560 1231 1901 1303 singulorum
1937 1232 2130 1285 uerbo—

305 1337 423 1370 rum
463 1317 765 1387 originibus
801 1318 1065 1373 destinata
1097 1320 1426 1388 adhibuisse,
1455 1341 1634 1375 nonne
1661 1323 1920 1394 sequitur,
1959 1322 2128 1375 multo

304 1407 724 1478 magiscisdem
761 1428 888 1462 eum
924 1431 1081 1464 usum
1120 1413 1285 1466 fuisse
1323 1413 1378 1465 in
1412 1414 1582 1467 triade
1627 1414 1826 1485 priore,
1867 1433 1971 1484 qua
2010 1415 2130 1487 phi·

304 1499 615 1570 losophicae
658 1502 1024 1573 etymologiae
1064 1505 1296 1557 rationes
1341 1505 1730 1559 examinandae
1769 1505 1966 1558 erant?
2041 1505 2128 1558 De

304 1589 554 1660 analogia
609 1599 660 1642 et
711 1593 977 1646 anomalia
1017 1593 1458 1665 declinationum,
1516 1615 1646 1667 quas
1689 1595 1924 1648 secunda
1959 1595 2130 1648 hexas

305 1689 516 1750 tractat,
555 1681 773 1736 ‘Graeci
808 1684 1094 1755 Latinique
1127 1686 1296 1740 libros
1333 1687 1581 1740 fecerunt
1614 1687 1826 1740 multos’
1869 1685 2034 1756 (VIII
2063 1685 2131 1738 23

305 1791 356 1843 p.
376 1772 519 1840 408),
558 1781 611 1825 et
638 1774 813 1826 minus
850 1775 1215 1828 necessarium
1256 1784 1367 1828 erat
1403 1777 1470 1829 ad
1509 1776 1656 1848 ipsos
1694 1776 1987 1829 stoicorum
2017 1775 2131 1827 the-

305 1882 491 1916 sauros
534 1865 848 1936 confugere.
888 1865 1058 1919 nihilo
1096 1866 1274 1921 minus
1294 1868 1447 1920 uelut
1477 1886 1505 1920 e
1530 1870 1681 1921 fonte
1702 1867 1876 1938 primo
1899 1864 2129 1934 eOhry-

306 1953 445 2026 sippi
480 1954 634 2008 libris
670 1956 737 2008 de
777 1957 1044 2009 anomalia
1063 1958 1366 2011 Varronem
1390 1960 1632 2014 hausisse
1657 1965 1922 2013 testantur
1956 1956 2131 2029 prima

304 2042 428 2095 libri
462 2042 589 2095 noni
623 2045 821 2098 uerba:
864 2088 874 2098 .
900 2055 1052 2100 ...in
1087 2069 1179 2113 quo
1216 2053 1315 2111 fuit
1339 2054 1522 2112 Grates,
1561 2055 1738 2103 nobilis
1767 2054 2126 2115 qrammaticus,

303 2142 387 2199 qui
434 2140 594 2199 frctus
631 2141 712 2190 Oh
727 2147 910 2204 rysip
925 2161 960 2204 p
977 2160 1003 2191 o
1055 2146 1242 2193 homine
1287 2148 1575 2203 acutissima
1633 2148 1716 2207 qui
1765 2146 1968 2206 reliquit
2005 2136 2129 2204 περὶ

253 2266 261 2269 -
308 2220 615 2289 ἀνωμαλίας
651 2234 788 2280 IIII
805 2234 968 2291 libros,
1012 2240 1184 2283 contra
1222 2237 1485 2298 analoyian
1520 2241 1663 2297 atque
1682 2234 2028 2284 Aristarchum
2063 2236 2133 2282 cst

301 2321 463 2378 nixus,
498 2322 585 2369 sed
619 2324 690 2370 ita
722 2329 776 2372 ut
809 2328 997 2385 scripta
1029 2327 1250 2374 indicant
1280 2329 1396 2384 eiuS,
1433 2331 1487 2375 ut
1519 2329 1742 2375 neutrius
1759 2305 1991 2375 uideatur
2008 2339 2127 2385 per—

301 2408 484 2456 uidisse
534 2411 846 2471 uoluntatem,
904 2416 1034 2475 quod
1085 2419 1130 2463 et
1169 2415 1476 2476 Chrysippus
1530 2418 1589 2464 de
1631 2417 1980 2478 inaequabilitc
2025 2402 2130 2465 cum

301 2500 473 2547 scribit
498 2504 747 2561 sermonis,
799 2507 1108 2564 propositum
1140 2506 1283 2552 habet
1314 2507 1563 2555 ostendere
1598 2507 1772 2556 similis
1805 2522 1884 2555 res
1921 2507 2129 2555 dissimi-

303 2587 430 2636 libus
465 2590 630 2637 uerbis
665 2597 710 2640 et
746 2594 997 2641 dissimilis
1032 2595 1271 2642 similibus
1305 2610 1404 2643 esse
1435 2599 1640 2653 notatas,
1687 2598 1742 2645 id
1766 2598 1909 2658 ¹quod
1948 2601 2019 2644 est
2049 2610 2129 2644 ue-

300 2694 425 2736 rum,
469 2683 513 2726 et
529 2677 852 2729 Aristarchus
894 2684 952 2730 de
985 2684 1327 2742 aequabilitate
1366 2700 1472 2732 cuni
1506 2687 1678 2733 scribit
1713 2682 1776 2744 [et
1809 2685 1868 2732 de
1900 2677 2023 2730 add.
2044 2678 2128 2742 F]‚

301 2769 562 2816 uerborum
610 2770 977 2819 similitudinem
1024 2772 1372 2831 quodammodo
1432 2765 1550 2838 (Sp.
1589 2775 1914 2832 quarumdam
1958 2770 2030 2838 F)
2078 2776 2131 2822 in

303 2858 622 2906 declinatione
676 2850 793 2922 (Sp.
829 2858 1170 2905 inclinationes
1205 2854 1275 2919 F)
1328 2862 1465 2919 sequi
1504 2861 1647 2918 iubet,
1704 2862 1865 2921 quoad
1907 2864 2132 2922 patiatur

302 2947 607 2995 consuetudo,
635 2939 673 3009 ¹)
746 2958 774 2991 e
823 2958 926 3007 quo
976 2950 1297 3011 argumento
1344 2942 1605 2996 librorum
1658 2943 2127 3016 Chrysippeorum

399 3186 401 3188 “
469 3185 515 3241 1)
548 3185 599 3227 In
630 3185 718 3228 hoc
752 3185 854 3229 loco
887 3186 1131 3230 scribendo
1164 3187 1215 3230 L.
1252 3187 1548 3243 Spengelium
1588 3187 1646 3232 de
1696 3187 1870 3232 emend.
1902 3191 1991 3232 rat.
2020 3187 2126 3231 libr.

303 3265 436 3310 Varr.
469 3265 526 3308 de
558 3266 585 3308 1.
604 3266 632 3308 l.
665 3281 708 3322 p.
731 3266 773 3321 9,
808 3267 886 3322 qui
918 3265 1027 3310 olim
1059 3267 1116 3310 de
1149 3268 1310 3311 eodem
1342 3269 1444 3311 loco
1475 3260 1522 3311 in
1552 3267 1680 3311 Iahni
1711 3268 1860 3311 annal.
1895 3267 2013 3311 1834
2040 3282 2084 3323 p.
2103 3268 2129 3310 7

303 3350 477 3402 egerat,
512 3349 694 3390 secutus
726 3361 824 3389 sum
860 3351 1187 3403 praeterquam
1218 3349 1341 3402 quod
1373 3348 1622 3404 simplicius
1646 3348 1892 3391 uidebatur
1911 3363 1936 3391 e
1956 3347 2130 3391 codicis

302 3426 458 3470 uerbis
490 3429 656 3470 similis
693 3444 763 3470 res
792 3428 1088 3470 dissimilibus
1122 3431 1270 3471 uerbis
1305 3439 1346 3472 et
1379 3431 1674 3472 dissimilibus
1706 3430 1878 3471 similes
1913 3444 2009 3470 esse
2041 3445 2129 3471 uo-

303 3508 476 3550 cabulis
509 3516 688 3551 notatas
719 3505 767 3548 id
797 3503 920 3560 quod
952 3519 1092 3561 supra
1122 3506 1256 3562 posui
1289 3506 1484 3563 efficere,
1531 3520 1667 3562 quam
1706 3505 1828 3561 quod
1860 3505 2130 3563 Spengelius

303 3586 452 3628 uoluit
485 3587 687 3642 [similis]
724 3603 795 3628 res
831 3587 1072 3629 dissimiles
1107 3590 1327 3629 similibus
1360 3590 1525 3640 uerbis,
1561 3596 1601 3629 ct
1634 3588 1927 3630 dissimilibus
1960 3589 2129 3630 similes
