2216 4056
1185 326 1280 374 166

487 466 591 518 His
631 468 870 527 breuiter
908 469 1208 523 constitutis
1235 471 1476 542 singulas
1504 466 1686 544 partes
1714 477 2140 537 consideremus.

323 575 448 608 nam
484 564 609 612 sunt
644 557 848 629 primae
885 558 1040 627 duae,
1073 578 1181 617 una
1217 560 1284 613 de
1321 560 1406 614 his
1443 580 1578 632 quae
1616 563 1933 634 simpliciter
1957 567 2141 626 dicum

322 653 411 700 tur
447 647 540 705 ubi
581 655 662 700 est
698 649 850 717 quasi
891 651 1114 703 materia
1155 650 1488 719 dialecticae,
1541 653 1963 715 altera-deb&
2005 677 2140 730 quae

324 736 605 796 coniuncta
643 738 908 807 dicuntur,
943 740 1036 792 ubi
1071 739 1178 792 iam
1216 741 1367 811 quasi
1410 759 1558 812 opus.
1580 751 1834 815 apparet»,
1883 749 2140 816 qnae-sd&

324 827 660 898 simplicibus
716 837 797 884 est
839 837 1066 885 uocatur
1115 829 1182 883 de
1224 831 1518 900 loquendo.
1593 833 1688 890 ill-a
1724 852 1868 893 uero>
1898 838 2192 908 qu'aefde5

327 917 624 974 coniunctis
661 924 758 987 est,
795 919 852 971 in
888 927 998 977 tres
1033 927 1215 991 partes
1254 919 1528 978 diuiditur.
1566 932 1812 995 separata
1841 927 1992 984 ‘enim
2019 938 2142 986 con‘«

323 1006 598 1063 iunctione
631 1009 924 1066 uerborum
966 1027 1102 1078 quae
1135 1029 1247 1063 non
1282 1011 1475 1082 implet
1506 1015 1848 1085 sententiam,
1883 1017 2147 1090 illa-quae

323 1100 401 1156 sic
439 1100 629 1172 implet
667 1103 1009 1169 sententiam,
1063 1111 1123 1157 ut
1164 1103 1407 1157 nondum
1442 1104 1601 1161 faeiat
1645 1105 2016 1177 quaestionem
2054 1109 2146 1166 uel

324 1189 714 1260 disputatorem
735 1193 1250 1262 requirat‚‘uocatur
1287 1194 1354 1247 de
1392 1195 1715 1265 eloquendo.
1761 1196 1856 1254 illa
1879 1199 2141 1269 quaesic

321 1280 514 1353 implet
547 1284 889 1354 sententiam,
945 1292 1005 1336 ut
1050 1284 1120 1337 de
1168 1285 1451 1339 sententiis
1489 1286 1821 1357 simplicibus
1857 1288 2143 1359 iudicetur,
2166 1303 2216 1347 10

322 1379 548 1425 uocatur
581 1373 648 1426 de
684 1376 1079 1446 proloquendo,
1118 1375 1212 1428 illa
1253 1395 1389 1447 quae
1427 1377 1504 1430 sic
1543 1379 1987 1450 compraehendit
2025 1397 2141 1432 sen-

323 1462 565 1532 tentiam,
618 1471 679 1516 ut
720 1465 787 1518 de
843 1465 961 1537 ipsa
1017 1466 1181 1518 etiam
1238 1467 1581 1540 copulatione
1632 1468 1920 1543 iudicetur,
1974 1469 2147 1523 donee

324 1553 672 1624 perueniatur
704 1555 772 1608 ad
807 1574 1072 1610 summam
1106 1564 1335 1613 uocatur
1369 1557 1438 1612 de
1473 1553 1885 1629 proloquiorum
1917 1546 2146 1617 summa.

1135 1690 1333 1744 XVIII

263 1779 323 1829 33
490 1777 699 1846 Quibus
726 1798 824 1832 nos
866 1780 923 1835 in
953 1779 1057 1834 hoc
1093 1781 1230 1835 libro
1267 1780 1496 1855 proinde
1533 1789 1593 1836 ut
1628 1781 1766 1842 nihil
1784 1779 1999 1841 intersit
2024 1773 2136 1855 utel
2161 1788 2216 1834 15

330 1887 454 1921 mur
487 1868 971 1924 indiscriminatim.

324 2015 412 2059 que
441 2001 709 2046 consistunt
741 2018 822 2047 sex
856 2018 1061 2057 normae,
1096 2005 1197 2060 quis
1230 2008 1447 2048 constant
1480 2008 1664 2049 ceterae
1695 2006 1981 2063 disciplinae.
2043 2021 2150 2051 nam

321 2060 473 2118 prima
504 2064 576 2104 est
607 2062 664 2106 de
696 2062 944 2119 loquendo,
978 2064 1181 2107 secunda
1200 2064 1256 2108 de
1281 2064 1554 2120 eloquendo,
1575 2065 1718 2109 tertia
1735 2067 1793 2118 de
1809 2065 2146 2123 proloquendo,

324 2122 491 2177 quarta
521 2121 578 2164 de
610 2122 966 2178 proloquiorum
996 2139 1188 2176 summa,
1232 2123 1394 2180 quinta
1423 2123 1480 2167 de
1511 2124 1759 2169 iudicando
1795 2140 1911 2182 quae
1940 2126 2149 2182 pertinet

326 2180 386 2224 ad.
415 2179 747 2225 iudicationem
780 2185 1030 2238 poetarum
1062 2186 1109 2226 et
1143 2185 1412 2236 carminum,
1436 2186 1567 2227 sexta
1583 2184 1640 2227 de
1659 2181 1857 2228 dicendo
1875 2199 1991 2241 quae
2007 2186 2151 2239 (libri

325 2253 441 2296 quae
478 2240 691 2296 dicenda)
723 2241 993 2286 rhetoribus
1016 2243 1309 2287 commodata
1331 2245 1417 2286 est.
1445 2244 1494 2286 in
1515 2243 1667 2299 prima
1685 2247 1841 2288 autem
1853 2246 1999 2300 parte,
2014 2256 2151 2301 quae-

324 2299 447 2342 ritur
478 2300 589 2355 quid
620 2301 681 2343 sit
714 2302 1010 2358 genus‚'quid
1038 2302 1200 2353 forma,
1225 2302 1336 2358 quid
1357 2301 1635 2355 differentia,
1659 2303 1771 2366 quid
1791 2303 2019 2355 accidens,
2039 2303 2151 2360 quid

327 2372 438 2402 uero
459 2359 719 2415 proprium,
741 2361 852 2416 quid
877 2361 1100 2413 definitio,
1122 2361 1232 2417 quid
1253 2364 1420 2413 totum,
1442 2362 1554 2418 quid
1573 2376 1696 2418 pars,
1720 2362 1877 2419 quiin
1896 2362 2149 2407 diuidendo

324 2417 504 2470 modus,
525 2419 604 2474 qui
624 2419 673 2462 in
689 2420 949 2476 partiendo,
969 2421 1080 2476 quid
1107 2421 1167 2464 sit
1188 2421 1506 2477 aequiuocum,
1527 2421 1637 2477 quid
1658 2424 1923 2474 uniuocum‚
1946 2422 2058 2478 quid
2078 2421 2149 2479 (ut

325 2476 393 2520 ita
413 2477 581 2535 dicam)
599 2479 897 2534 pluriuocum
911 2514 920 2523 .
938 2514 947 2523 .
964 2514 973 2523 .
987 2479 1036 2523 in
1056 2481 1257 2523 secunda
1275 2494 1403 2533 uero,
1419 2495 1557 2536 quam
1575 2481 1632 2524 de
1656 2481 1915 2538 eloquendo
1934 2482 2148 2534 diximUS‚

327 2536 582 2592 quaeritur,
615 2539 728 2593 quid
760 2539 821 2582 sit
852 2554 1035 2592 nomen,
1074 2540 1186 2595 quid
1215 2541 1426 2592 uerbum,
1463 2540 1573 2595 quid
1595 2551 1652 2583 ex
1677 2535 2000 2594 liis'iunctu‘m,
2026 2545 2149 2602 *quae

326 2609 382 2638 ex
410 2595 482 2638 his
515 2597 774 2641 subiectiua
807 2613 915 2654 pars
950 2599 1209 2642 sententiae
1245 2601 1319 2651 sit,
1353 2613 1470 2654 quae
1505 2598 1806 2652 declaratiua,
1853 2599 1933 2656 qui
1971 2596 2149 2644 subiec-

324 2654 451 2698 tiuae
481 2655 646 2699 modus
681 2657 754 2709 sit,
804 2658 882 2713 qui
915 2658 1243 2710 declaratiuae‚
1280 2661 1506 2714 quatenus
1538 2673 1707 2702 nomen
1736 2658 2008 2715 accipiatur,
2041 2674 2149 2716 qua-

324 2717 460 2757 tenus
490 2716 702 2768 uerbum,
737 2719 966 2772 quatenus
1001 2719 1060 2760 sit
1090 2718 1301 2774 perfecta
1332 2717 1563 2761 sententia
1598 2720 1651 2760 ut
1683 2719 1833 2775 possit
1865 2733 1973 2774 esse¹
1994 2719 2149 2774 prolo-

327 2772 498 2830 quium.
537 2774 711 2830 excipit
741 2775 860 2818 hanc
889 2791 999 2833 pars
1031 2777 1174 2820 tertia
1207 2777 1264 2820 de
1295 2776 1634 2833 proloquendo.
1666 2777 1714 2820 in
1733 2780 1789 2821 ea
1810 2777 2090 2835 quaeritur„
2108 2811 2117 2820 .
2137 2811 2147 2821 .

326 2846 442 2888 quae
475 2833 568 2875 sint
601 2833 892 2879 differentiae
920 2835 1275 2891 proloquiorum
1302 2837 1351 2879 in
1382 2836 1658 2891 quantitate,
1683 2844 1799 2893 quae
1828 2837 1877 2880 i'n
1908 2837 2148 2893 qualitate,

327 2891 439 2948 quid
474 2893 740 2938 uniuersa-le
772 2894 844 2945 sit,
894 2895 1005 2950 quid
1046 2895 1346 2952 particulare,
1392 2895 1504 2951 quid
1535 2895 1842 2949 indefinitum,
1893 2910 2011 2952 quae
2057 2897 2150 2940 sint

326 2950 510 3003 aientia,
543 2966 659 3007 quae
691 2953 924 3009 negantia,
958 2968 1095 3009 quam
1123 2954 1219 2996 uim
1239 2954 1442 2998 habeant
1464 2955 1660 3011 singula,
1697 2958 1744 2999 et
1764 2955 2151 3011 quemadmodum

325 3010 452 3055 inter
481 3025 529 3054 se
561 3010 727 3055 affecta
760 3012 866 3056 sint.
898 3012 1005 3057 hinc
1035 3013 1315 3069 progeditur
1342 3013 1401 3059 ad
1427 3016 1643 3069 quartam
1659 3017 1857 3070 partem,
1890 3029 2032 3072 quam
2049 3025 2152 3063 esse

328 3069 528 3113 diximus
561 3070 617 3113 de
649 3071 1006 3127 proloquiorum
1037 3087 1229 3118 summa.
1279 3072 1327 3115 in
1365 3087 1417 3115 ea
1455 3073 1710 3128 quaeritur,
1761 3073 1873 3131 quid
1903 3074 1964 3122 sit
1997 3089 2149 3131 sump-

326 3131 442 3182 tum,
472 3128 584 3185 quid
613 3129 779 3183 illatio,
813 3131 924 3187 quid
959 3131 1270 3188 syllogismus,
1308 3131 1417 3188 quid
1454 3146 1766 3188 symperasma
1796 3146 1837 3177 e.
1856 3147 1898 3189 q.
1917 3148 1952 3176 s.

495 3204 566 3246 33.
599 3202 718 3247 Non.
749 3219 795 3262 p.
817 3207 919 3249 127:
948 3204 1361 3249 Indiscriminatim
1394 3204 1731 3249 indifferenter.
1782 3190 1943 3269 r*Varro
1974 3195 2031 3266 de
2062 3205 2147 3250 lin-

495 3322 525 3367 2
567 3299 754 3385 primae
793 3324 918 3372 duae
944 3323 1085 3373 ODP
1114 3325 1300 3391 primae
1338 3327 1388 3371 et
1424 3324 1548 3371 duae
1575 3316 1725 3389 13113
1763 3298 2151 3394 dialecticaeoll

331 3391 359 3437 5
400 3394 474 3438 est
511 3406 600 3440 om.
639 3391 689 3439 P
721 3393 744 3450 Η
781 3396 810 3440 7
852 3395 938 3441 illa
975 3410 1100 3457 quae
1140 3396 1208 3441 sic
1244 3394 1415 3456 implet
1451 3394 1741 3441 sententiam
1781 3409 1871 3444 om.
1909 3395 1974 3443 B*
1997 3399 2025 3457 Η
2056 3395 2150 3456 sie]

326 3462 392 3512 sit
432 3462 482 3507 D
506 3454 531 3526 ΙΙ
559 3463 586 3508 9
624 3467 832 3544 uocati-if
852 3465 902 3515 B
936 3467 1143 3524 uocatur
1181 3479 1271 3519 om.
1294 3462 1384 3521 ΡΗ
1413 3464 1473 3512 15
1513 3464 1713 3515 intussit
1755 3463 1857 3520 cod.
1879 3463 2145 3528 Guelferb.

329 3550 458 3600 aad.
491 3556 592 3602 103
625 3532 672 3610 [ι’
