2294 4062
1064 289 1126 334 41

186 437 392 491 firmius
430 444 810 509 argumentum
833 455 951 490 esse
984 438 1058 509 (p.
1080 437 1156 502 X)
1197 434 1603 506 dispositionem
1642 433 1768 487 libri
1806 432 2021 506 septimi

185 547 295 582 non
318 547 540 601 prorsus
570 549 691 582 cum
721 529 986 582 diuisione
1012 528 1182 600 quinti
1204 527 1456 596 Sextique
1478 531 1893 595 congruentem,
1934 525 2022 577 uel

186 619 353 673 exeis
386 638 522 690 quae
547 620 615 673 de
639 621 779 673 libro
806 620 947 674 VIII
967 621 1217 674 etVIIII
1254 619 1524 691 disputaui
1565 618 1791 689 adparet
1807 617 1867 687 1).
1909 615 2022 668 Ad-

186 710 480 764 ditamenta
521 730 652 764 uero
702 712 804 764 tria
850 732 899 784 p.
923 711 1065 765 VIII
1093 731 1170 784 sq.
1219 711 1545 782 significauit
1605 709 1752 777 (nam
1796 725 1825 760 e
1880 706 2018 759 locis

184 801 271 856 VI
290 802 357 854 70
390 821 442 873 p.
475 802 593 855 247.
632 803 771 856 Χ18
809 823 860 874 p.
895 803 1000 855 554
1034 821 1110 873 sq.
1151 802 1282 854 nihil
1339 801 1524 872 colligi
1577 817 1738 873 posse
1790 799 2020 869 quisque

184 891 377 961 uidet),
414 892 482 945 de
518 878 749 962 quorum
780 893 960 963 tertiO,
993 913 1118 947 nam
1152 894 1286 947 duos
1323 891 1666 965 L..Spengel
1704 891 1794 944 l.l.
1816 908 1867 961 p.
1890 889 1954 942 19
1993 909 2023 941 a

185 984 985 1039 Muelleri.incriminationibus
1006 986 1319 1054 uindicauit‚
1355 1004 1529 1057 pauca
1557 983 1770 1050 addam,
1795 1000 1862 1034 ne
1894 981 2024 1051 quid

184 1074 250 1126 ab
296 1093 359 1127 eo
412 1075 685 1147 prolatum
732 1075 993 1128 intactum
1042 1076 1361 1146 relinquam.
1417 1083 1568 1128 recte
1622 1074 1897 1127 intellexit
1945 1075 2021 1145 (p.

185 1164 374 1230 VIIII)
409 1166 587 1218 locum
625 1166 707 1218 VI
726 1166 796 1218 44
831 1187 882 1238 p.
904 1167 1006 1219 222
1035 1188 1113 1239 sq.
1155 1175 1214 1219 ut
1252 1168 1309 1219 in
1348 1166 1539 1220 codiee
1580 1165 1813 1238 scriptus
1853 1171 2022 1232 extat,

185 1275 216 1308 a
264 1256 530 1328 scriptore
578 1259 884 1328 profectum
929 1277 1040 1311 non
1078 1277 1210 1312 esse.
1268 1278 1390 1312 cum
1430 1266 1482 1310 et
1520 1276 1572 1328 p.
1604 1257 1706 1309 223
1750 1263 1802 1309 et
1842 1274 1894 1326 p.
1921 1255 2024 1309 225

183 1332 352 1400 uerba
389 1348 610 1401 memini
647 1356 701 1401 ct
738 1356 982 1402 metuere
1024 1349 1307 1421 explicari,
1357 1349 1501 1402 illius
1541 1355 1722 1401 autem
1756 1347 2024 1417 interpre-

184 1437 416 1491 tationes
453 1439 597 1495 inter
639 1458 696 1492 se
736 1439 1048 1512 discrepare
1087 1439 1318 1508 uideret,
1355 1439 1423 1492 ad
1466 1439 1831 1491 coniecturam
1871 1457 2023 1490 suam

185 1527 432 1600 confugit
466 1529 601 1582 haec
644 1531 816 1584 altero
870 1531 1010 1599 locO,
1073 1529 1202 1583 olim
1250 1530 1308 1583 in
1363 1530 1612 1601 margine
1670 1550 1700 1582 a
1755 1529 2024 1600 scriptore

184 1619 383 1689 addita,-
440 1638 730 1693 perperam
772 1623 829 1676 in
869 1630 1080 1676 textum
1119 1622 1414 1693 inrepsisse
1464 1630 1517 1674 et
1559 1640 1697 1694 quae
1734 1621 1791 1673 in
1831 1619 2022 1673 codice

182 1713 257 1766 ita
297 1732 356 1767 se
393 1715 689 1787 excipiunt,
725 1724 783 1769 ut
817 1717 1096 1771 breuitatis
1136 1737 1293 1770 causa
1334 1717 1449 1770 eius
1487 1716 1842 1789 paragraphis
1881 1723 2022 1784 utar,

183 1804 268 1857 43.
305 1804 715 1881 44—-49—4Q
756 1807 839 1860 47.
879 1807 1291 1878 48-45-50,
1339 1808 1416 1862 sic
1454 1806 1788 1879 transposuit
1827 1814 1887 1859 ut
1935 1826 2024 1878 pa-

183 1897 579 1968 ragraphorum
620 1898 689 1951 49
728 1906 781 1951 et
815 1899 883 1952 45
922 1899 1079 1952 sedes
1111 1899 1255 1952 inter
1295 1917 1352 1953 se
1389 1906 1739 1972 permutaret.
1830 1898 2024 1969 legun-

188 1994 276 2038 tur
311 1987 382 2046 44
417 2007 469 2059 p.
491 1988 594 2041 222
630 1990 764 2043 haec
801 2000 871 2046 sic
913 1999 1161 2046 reminisci
1206 2014 1312 2046 cnm
1351 2013 1408 2045 ea
1448 2012 1572 2058 qnae
1607 1998 1758 2044 tenuit
1795 2009 1929 2043 mens
1968 2010 2026 2042 ac

114 2127 117 2130 Α
187 2085 417 2132 memoria
453 2085 707 2147 coyitando
742 2091 1047 2149 repetuntur.
1091 2089 1204 2135 hinc
1253 2089 1397 2135 etiam
1430 2087 1723 2135 comminisci
1759 2087 1953 2142 dietum,
1997 2099 2028 2132 a

189 2187 278 2220 eon
312 2177 357 2221 et
391 2179 558 2232 mente,
599 2190 706 2223 cum
736 2176 993 2238 finyuntur
1026 2179 1080 2224 in
1115 2181 1286 2238 mente,
1324 2190 1449 2237 quae
1483 2191 1582 2224 non
1617 2179 1744 2233 sunt,
1787 2179 1832 2224 et
1857 2176 1917 2222 ab
1939 2175 2028 2222 hoc

187 2263 315 2311 illud
351 2266 481 2325 quod
518 2266 700 2314 dicitur
740 2268 956 2315 eminisci
993 2261 1089 2330 (M.
1126 2263 1346 2315 reminisi
1381 2260 1539 2331 eod),
1581 2282 1688 2315 cum
1715 2268 2027 2314 commentum

184 2355 555 2413 pronuntiatur.
611 2357 680 2404 ab
718 2358 884 2405 eadem
919 2362 1073 2406 mente
1109 2360 1380 2406 meminisse
1416 2359 1600 2406 dictum
1640 2361 1685 2405 et
1721 2371 1900 2414 amens,
1941 2358 2026 2417 qni

191 2458 223 2491 a
252 2447 406 2492 mente
439 2459 531 2492 sua
564 2446 828 2494 descendit.
884 2449 997 2495 hinc
1033 2451 1176 2496 etiam
1217 2452 1374 2496 metuo
1425 2451 1628 2496 mentem
1673 2447 2026 2507 quodammodo

189 2537 365 2582 motam
395 2535 474 2582 uel
505 2538 716 2585 metuisti
747 2540 985 2586 amo-nisti.
1039 2541 1109 2587 sie
1157 2539 1286 2599 quod
1317 2539 1537 2599 frigidus
1589 2540 1747 2594 timor,
1789 2538 2028 2584 tremuisti

190 2625 406 2674 timuisti.
443 2629 622 2674 tremor
647 2628 828 2675 dietum
865 2644 896 2676 α
929 2630 1250 2677 similitudine
1283 2629 1418 2677 uocis
1456 2642 1579 2688 qnae
1613 2630 1728 2675 tunc
1753 2641 1860 2674 eum
1881 2626 2028 2691 ualde

138 2776 141 2778 q
189 2718 400 2764 tremunt
442 2721 668 2777 apparet,
726 2733 833 2766 cum
867 2722 1011 2767 etia-m
1045 2722 1099 2767 in
1133 2734 1337 2779 corpore
1379 2719 1477 2778 pili
1516 2722 1569 2765 nt
1605 2719 1762 2766 arista
1797 2718 1852 2764 in
1887 2719 2028 2777 spica

189 2806 326 2854 ordei
356 2808 571 2856 horrent.
611 2803 744 2855 haec
783 2803 860 2856 sic
888 2804 1018 2856 ferri
1038 2824 1147 2857 non
1174 2823 1334 2876 posse
1359 2804 1531 2857 uideS.
1572 2802 1871 2856 accuratius
1899 2820 2025 2854 exa-

189 2892 412 2946 minanti
450 2893 852 2966 interpolatoris
892 2915 1052 2947 manu
1090 2896 1385 2966 deprauata
1412 2914 1482 2948 ex
1508 2894 1861 2966 sequentibus
1901 2911 2023 2946 esse

368 3145 410 3201 1)
441 3145 617 3190 Maiore
638 3160 743 3189 cum
766 3145 918 3202 specie
943 3146 1158 3190 ueritatis
1191 3161 1298 3190 sane
1330 3146 1691 3191 inconstantiam
1722 3145 2027 3188 terminorum

190 3223 522 3281 doctrinaeque
557 3226 884 3282 grammaticae
926 3226 1332 3283 incongruentiam
1380 3227 1668 3283 protulisset,
1713 3239 1828 3281 quae
1872 3228 2027 3268 tamen

189 3303 255 3346 nil
300 3304 620 3349 demonstrant
665 3306 756 3349 nisi
787 3321 952 3363 parum
989 3306 1229 3351 definitam
1273 3322 1326 3351 ac
1367 3307 1527 3350 rudem
1560 3306 1639 3349 illo
1682 3309 1893 3362 tempore
1939 3304 2025 3348 lin-

193 3396 330 3438 guam
359 3383 551 3428 latinam
583 3386 630 3428 in
661 3387 798 3430 rebus
830 3387 1145 3443 grammaticis
1191 3387 1329 3430 fuisse
1372 3391 1418 3431 et
1463 3387 1510 3429 in
1558 3385 1755 3430 diuersis
1797 3379 2025 3430 librorum

191 3461 402 3518 partibus
449 3463 656 3509 diuersos
715 3469 928 3511 auctores
983 3471 1191 3511 secutum
1249 3482 1348 3511 esse
1391 3467 1647 3511 Varronem
1704 3481 1917 3510 securum
1969 3466 2025 3511 de

193 3544 547 3598 praeceptorum
578 3544 902 3602 discrepantia.
