2222 4056
1123 343 1219 390 108

264 505 399 557 quae
435 489 492 540 in
511 489 610 542 hac
638 488 977 560 expositione
1003 489 1230 559 lateant,
1262 489 1594 542 felicioribus
1634 490 1965 563 expiscanda
1996 508 2079 544 re-

259 578 518 649 linquam.
854 584 862 590 ”

424 671 510 724 De
550 670 745 722 litteris
776 669 832 722 in
856 670 1209 740 grammatica
1239 677 1415 722 actum
1436 688 1554 723 esse
1581 689 1668 724 res
1698 670 1815 744 ipsa
1845 674 2083 744 postulat

262 769 314 814 et
351 767 576 814 testatur
605 758 876 814 Cornutus
902 759 1208 814 Cassiodori
1247 780 1297 832 p.
1326 760 1462 812 2286
1491 761 1551 814 Ρ.
1588 760 1872 834 eidemque
1899 763 2079 817 tribuo

262 851 409 920 quod
443 851 652 903 Probus
692 851 872 918 tradit,
912 852 1128 904 nomina
1167 852 1468 904 litterarum
1519 851 1925 906 indeclinabilia
1963 870 2080 907 esse

259 941 476 1011 (f1·.·94).
519 941 585 994 de
621 940 813 993 litteris
855 948 1034 993 autem
1075 949 1213 994 teste
1237 939 1478 995 Cornuto
1508 942 1598 1007 (fr.
1621 942 1711 1012 95)
1751 943 1884 996 haec
1900 943 2080 998 Varro

259 1031 474 1103 scripsit
524 1031 844 1083 ‘litterarum
898 1030 1092 1102 partim
1147 1039 1272 1084 sunt
1327 1039 1380 1084 et
1434 1031 1686 1085 dicuntur
1726 1040 1787 1086 ut
1834 1033 1891 1087 A
1924 1042 1980 1086 et
2017 1033 2081 1104 B,

259 1122 452 1193 partim
494 1121 746 1174 dicuntur
782 1128 835 1173 et
871 1141 980 1174 non
1018 1129 1140 1174 sunt
1178 1128 1238 1174 ut
1263 1121 1316 1174 H
1337 1129 1390 1175 et
1415 1122 1486 1189 X,
1516 1122 1708 1194 partim
1745 1131 1872 1177 sunt
1901 1142 2079 1197 nequ-e

261 1212 511 1265 dicuntur
544 1219 603 1264 ut
631 1213 681 1262 (D
717 1219 771 1264 et
817 1212 900 1265 Ψ.
942 1212 1137 1265 deinde
1177 1212 1243 1266 de
1285 1213 1557 1266 uocalium
1594 1221 1646 1265 et
1673 1214 2082 1268 consonantium

259 1310 447 1356 natura
483 1310 538 1355 et
574 1302 1038 1356 coniunctionibus
1077 1321 1242 1372 agere
1283 1303 1483 1371 debuit,
1538 1311 1598 1356 ut
1633 1303 1935 1373 Dionysius
1970 1304 2080 1365 Ma-

259 1393 368 1446 rius
404 1394 720 1446 Victorinus
756 1393 1054 1447 Martianus
1092 1392 1334 1467 Capella.
1384 1412 1453 1447 ex
1506 1394 1664 1447 huius
1713 1412 1845 1447 uero
1897 1395 2081 1449 uerbis

260 1484 349 1538 III
379 1485 481 1538 263
517 1503 568 1556 p.
591 1486 659 1538 59
695 1485 819 1539 Gn:
858 1493 974 1540 haee
1010 1507 1116 1541 eum
1151 1494 1470 1553 yrammatiea
1506 1492 1700 1549 diceret,
1737 1507 1932 1553 eamque
1963 1507 2084 1553 pro-

260 1581 404 1642 9redi
439 1581 673 1640 Iuppiter
709 1581 979 1640 Deliusqae
1022 1583 1378 1640 praeciperent,
1417 1583 1494 1630 hie
1522 1582 1693 1630 Pallas
1739 1576 1816 1631 ‘de
1854 1584 2083 1632 iunctura

257 1666 574 1732 syllabarum'
612 1673 771 1731 inquit
809 1669 939 1719 ‘dum
971 1672 1089 1720 haee
1127 1671 1404 1720 litteratura
1438 1672 1748 1732 deproperat,
1778 1675 1972 1733 partem
2008 1673 2082 1722 ln·-

257 1762 485 1809 storieam
518 1755 859 1820 praetermistt'
908 1755 1135 1809 fortasse
1175 1755 1561 1826 conligendum
1600 1756 1761 1808 etiam
1798 1756 2080 1818 historicas

262 1844 328 1897 de
373 1845 568 1898 litteris
614 1845 1018 1899 obseruationes
1069 1863 1100 1898 a
1144 1846 1394 1899 Varrone
1445 1847 1662 1900 additas
1717 1846 1900 1916 fuisse,
1958 1865 2083 1900 nam

263 1936 448 2005 quanti
485 1937 744 1989 momenti
779 1935 906 1999 talia
941 1937 997 1989 in
1033 1936 1299 1991 Martiano
1343 1937 1468 2006 sint,
1520 1937 1704 1991 docuit
1739 1937 1802 1994 C.
1840 1939 1914 2001 F.
1942 1937 2081 1993 Her.-

260 2046 422 2079 mann
458 2027 628 2099 praef.
667 2027 751 2080 ed.
775 2027 957 2100 Kopp.
979 2048 1030 2100 p.
1057 2027 1187 2097 XX,
1224 2029 1311 2081 cui
1349 2028 1558 2082 accedit
1594 2028 1738 2098 quod
1777 2029 1939 2082 etiam
1970 2029 2083 2086 ‘Ma-

260 2117 371 2170 rius
409 2117 724 2171 Victorinus
763 2118 791 2171 I
813 2120 848 2170 4
884 2137 936 2189 p.
966 2119 1102 2172 2456
1126 2121 1188 2173 Ρ.
1223 2120 1387 2172 multa
1429 2120 1496 2173 de
1534 2120 1723 2172 eadem
1761 2138 1821 2173 re
1857 2120 2087 2193 profert3

261 2208 390 2277 quid
427 2227 558 2261 uero
597 2226 667 2260 ex
702 2209 805 2262 hoc
856 2210 996 2261 libro
1044 2209 1335 2282 sumpserit
1385 2228 1447 2263 eo
1497 2210 1756 2263 incertius
1805 2216 1903 2279 est,
1959 2210 2084 2281 quia

262 2308 478 2370 praeter
519 2299 782 2352 Varronis
819 2299 887 2351 de
922 2300 979 2353 H
1019 2307 1071 2352 et
1105 2300 1160 2353 X
1204 2300 1524 2369 doctrinam,
1579 2301 1648 2353 ad
1685 2314 1842 2370 quam
1882 2301 1914 2354 Ι
1948 2299 2002 2368 3,
2031 2300 2083 2353 8³.

262 2390 327 2441 10
363 2408 414 2460 p.
438 2388 575 2442 2455
592 2390 653 2442 P.
692 2390 758 2443 cf.
791 2389 947 2442 Mart.
972 2389 1102 2462 Cap.
1130 2390 1217 2442 III
1241 2390 1342 2442 259
1362 2409 1414 2461 p.
1439 2390 1506 2442 58
1527 2389 1626 2444 Gr.
1659 2398 1883 2461 spectat,
1918 2390 2081 2443 etiam

260 2497 395 2551 quae
441 2498 561 2532 cum
609 2479 763 2532 libris
816 2480 882 2533 de
932 2480 1249 2549 antiquitate
1297 2479 1600 2533 litterarum
1657 2487 1711 2532 et
1762 2480 2080 2552 de'origine

257 2570 478 2640 linguae
514 2570 710 2622 latinae
753 2571 1084 2624 conueniunt
1123 2571 1302 2624 habet.
1358 2571 1722 2640 sequebantur
1760 2571 1876 2624 sine
1917 2569 2082 2645 dubio

259 2661 518 2732 syllabae,
558 2662 787 2714 fortasse
823 2661 985 2713 etiam
1025 2662 1208 2714 breuis
1248 2661 1537 2733 disputatio
1589 2661 1656 2714 de
1705 2659 1984 2714 uocabulis
2034 2651 2088 2714 et
2123 2678 2126 2681 ’

262 2751 568 2805 enuntiatis.
609 2751 706 2804 sed
742 2752 875 2805 haec
915 2754 1122 2807 etiamsi
1159 2752 1277 2804 ueri
1309 2752 1503 2806 similia
1537 2752 1743 2805 incerta
1779 2759 1918 2816 sunt,
1961 2769 2085 2805 cum

259 2860 362 2895 nec
409 2849 669 2912 quatenus
717 2842 1043 2914 Dionysium
1079 2844 1256 2896 Varro
1309 2851 1523 2896 secutus
1571 2842 1639 2896 sit
1691 2841 1940 2910 sciamus),
1980 2859 2086 2894 nec

260 2931 523 2985 Martiano
547 2930 806 3002 Capellae
842 2933 969 2985 satis
1005 2933 1278 2987 confidere
1318 2917 1466 3001 licet,
1505 2940 1563 2984 ut
1601 2950 1664 2985 eo
1701 2932 1818 2985 solo
1863 2938 2084 2984 auctore

263 3024 367 3078 nisi
404 3029 496 3076 aut
536 3023 752 3076 disertis
788 3024 969 3076 uerbis
991 3025 1295 3077 Varronem
1335 3024 1534 3077 excitat
1573 3031 1664 3076 aut
1697 3023 1801 3076 alia
1819 3021 2083 3076 accedunt

260 3114 329 3167 de
384 3113 624 3184 qualibet
673 3131 733 3166 re
783 3133 813 3165 a
858 3114 1108 3168 Varrone
1149 3122 1378 3167 tractata
1437 3114 1726 3185 quidquam
1775 3119 2085 3167 statuamus).

263 3205 499 3277 denique
540 3205 607 3260 de
650 3205 888 3278 partibus
928 3205 1182 3259 orationis
1227 3206 1355 3276 egit.

428 3298 574 3365 Quot
617 3303 795 3349 autem
832 3303 1012 3367 partes
1051 3296 1294 3349 statuerit
1330 3303 1483 3349 extra
1522 3294 1907 3348 dubitationem
1943 3292 2086 3363 posi-

261 3396 376 3442 tum
412 3408 522 3442 non
560 3396 656 3443 est.
696 3387 946 3441 crederes
1001 3405 1124 3439 eum
1179 3407 1298 3439 cum
1347 3385 1603 3455 Dionysii
1653 3392 1823 3437 artem
1870 3382 2086 3453 legerit,

261 3480 406 3533 hunc
445 3479 536 3532 uel
575 3478 752 3549 potius
790 3477 1169 3531 Aristarchum
1211 3476 1428 3544 (Quint.
1461 3475 1584 3529 inst.
1624 3494 1700 3528 or.
1737 3476 1768 3529 Ι
1803 3473 1854 3544 4,
1872 3474 1960 3540 20)
2000 3491 2080 3528 se-

264 3576 440 3624 cutum
481 3586 616 3639 esse,
659 3568 747 3639 qui
783 3566 881 3622 has
909 3575 1237 3640 posueruntt
1272 3583 1469 3626 nomen
1488 3566 1715 3620 uerbum
1742 3562 2086 3636 participium
