2294 4062
955 299 1027 347 37·

88 445 178 516 (La.⁴
211 447 283 501 D.
310 446 423 499 VH
446 446 536 517 57)
587 446 999 519 respondentia,
1055 465 1184 500 num
1240 467 1270 499 a
1325 446 1574 500 Varrone
1626 446 1916 517 sumpserit

87 535 428 607 Augustinus
468 557 574 609 pro<
604 545 750 591 certo
800 537 1086 590 adfirmare
1137 556 1247 590 non
1301 538 1493 591 audeo.
1551 537 1747 590 deinde
1799 538 1918 607 plu-

83 626 341 681 ribus'de
378 629 559 680 uerbis
598 629 874 700 disputare
917 628 1120 695 debuit,
1157 628 1341 696 ibique
1365 630 1593 682 fortasse
1623 648 1786 681 unam
1826 628 1917 680 uel

83 716 268 790 plures
306 718 763 787 etymologiarum
801 719 996 789 posuit,
1036 736 1168 787 quas
1193 719 1536 789 Augustinus
1565 719 1745 787 habet,
1785 736 1912 788 qua-

82 825 311 878 rumque
349 808 469 860 illas
506 826 642 877 quae
680 828 711 860 a
746 826 877 860 uero
914 809 1146 861 uerbum
1194 808 1398 861 ducunt
1444 808 1571 861 huic
1622 809 1741 860 loco
1797 826 1918 878 per-

84 916 243 968 quam
270 906 428 971 ¹aptas
448 898 792 968 Varronique
820 899 971 968 quasi
1001 907 1276 969 surreptas
1313 916 1429 951 esse
1466 899 1637 953 uides.
1678 919 1708 951 a
1744 900 1916 951 uerbo

83 988 153 1042 ad
201 995 310 1042 tres
341 982 681 1061 ‘praecipuas
738 988 1066 1060 disciplinaS,
1127 1008 1263 1061 quae
1321 989 1390 1042 ad
1444 991 1613 1043 uerba
1672 997 1915 1061 spectant

83 1079 311 1149 transiit,
337 1079 423 1132 eui
459 1079 764 1149 argumenti
803 1079 947 1148 quod
985 1079 1326 1132 tractandum
1354 1081 1454 1132 sibi
1492 1081 1780 1152 sumpserit
1817 1081 1912 1133 cir-

83 1168 489 1240 cumscriptioni
536 1171 759 1221 breuem
815 1168 930 1220 sine
979 1170 1143 1222 dubio
1193 1170 1433 1222 omnium
1480 1171 1745 1223 librorum
1795 1189 1918 1222 con-

82 1267 327 1333 spectum
363 1259 591 1313 subiecit
630 1257 720 1329 (ef.
744 1259 1036 1329 Augustin.
1071 1260 1138 1312 de
1172 1261 1271 1312 ciu.
1312 1261 1399 1312 dei
1420 1261 1506 1313 VI
1523 1261 1571 1314 3.
1612 1261 1683 1314 A.
1709 1262 1916 1331 Popma

81 1350 330 1405 biblioth.
370 1369 510 1403 uarr.
551 1370 603 1422 p.
623 1349 765 1415 500).

111 1477 113 1480 .
156 1458 198 1481 *v
246 1441 334 1502 De
371 1447 643 1514 postrema
681 1440 896 1494 hexade
922 1440 1078 1493 aliter
1106 1460 1167 1492 ac
1198 1457 1294 1492 nos
1325 1439 1507 1491 statuit
1540 1438 1607 1493 O.
1632 1439 1918 1492 Mueller

85 1531 478 1603 (praef.·p.L);
519 1551 642 1584 cum
682 1531 826 1584 enim
866 1531 1124 1602 syntaxin
1154 1530 1418 1583 Varronis
1455 1537 1700 1601 tempore
1738 1530 1915 1582 minus

82 1623 411 1676 elaboratam
465 1623 656 1690 fuisse,
718 1641 877 1693 quam
929 1629 987 1675 ut
1041 1621 1329 1674 duodecim
1384 1621 1536 1673 libris
1596 1641 1626 1672 a
1664 1620 1917 1673 Varrone

81 1711 318 1784 potuerit
363 1713 582 1766 tractari
635 1714 737 1767 sibi
785 1713 1132 1785 persuaserit,
1188 1713 1274 1765 ‘ad
1319 1731 1475 1765 usum
1522 1711 1916 1764 uocabulorum

81 1810 145 1857 et·
187 1803 444 1858 orationis
498 1812 745 1858 ornatum
797 1813 850 1856 et
896 1804 1090 1856 similia
1143 1802 1736 1873 eum'transgressum’
1797 1820 1915 1854 esse

80 1894 422 1951 existimauit.
459 1914 619 1967 quam
647 1896 968 1949 sententiam
1003 1903 1220 1948 secutus
1242 1894 1569 1948 Ritschelius
1604 1895 1751 1962 (noli.
1777 1912 1915 1945 mus,

83 1984 186 2039 Rh.
223 1985 308 2038 VI
354 2005 406 2058 p.
451 1986 610 2055 526),
662 2005 781 2038 eum
835 1986 910 2037 ita
960 1985 1266 2038 Varronem
1311 1984 1587 2057 promissis
1643 1993 1740 2037 tres
1798 1983 1916 2034 fore

86 2075 452 2149 totiusoperis
489 2085 672 2149 partes
705 2096 815 2129 non
842 2077 1056 2129 stetisse
1078 2076 1309 2145 uideret,
1345 2076 1483 2128 hanc
1504 2074 1918 2128 inconstantiam

86 2169 451 2222 firmissimum
476 2177 854 2241 argumentum
876 2169 1136 2223 iudicauit
1161 2169 1228 2221 ad
1249 2169 1627 2221 stabiliendam
1655 2167 1721 2222 Ο.
1744 2167 1918 2220 Muel—

84 2259 190 2312 leri
225 2261 591 2314 coniecturam
634 2262 828 2331 (praef.
870 2280 922 2331 p.
944 2261 1116 2330 Isq.),
1151 2279 1446 2332 numquam
1485 2260 1583 2312 hos
1621 2259 1791 2312 libros
1828 2259 1918 2310 ab-

88 2351 292 2404 solutos
330 2359 385 2404 et
424 2371 456 2404 a
486 2352 754 2422 scriptore
794 2351 966 2404 editos
1009 2368 1144 2403 esse.
1187 2369 1347 2421 quem
1383 2351 1695 2423 scrupulum
1731 2350 1915 2403 nescio

86 2441 483 2513 an'disputatio
521 2450 706 2495 nostra
744 2441 1023 2495 exemerit.
1075 2442 1141 2494 dc
1176 2442 1270 2493 illa
1313 2460 1446 2494 uero
1499 2460 1627 2494 sane
1675 2441 1920 2512 speciosa

87 2532 394 2587 coniectura
436 2531 504 2587 O.
532 2531 805 2598 Muelleri,
845 2532 1014 2586 libros
1052 2540 1265 2586 nostros
1305 2551 1427 2585 cum
1465 2531 1696 2603 scriptor
1723 2551 1769 2583 a.
1798 2551 1848 2583 u.
1877 2551 1919 2583 c.

85 2621 415 2676 DGGVIIII
453 2624 788 2696 proscriptus
845 2632 987 2676 esset
1022 2641 1051 2676 e
1087 2623 1416 2677 bibliotheca
1455 2630 1757 2694 protractos
1799 2639 1920 2674 esse

84 2713 272 2787 paucis
313 2713 615 2786 disputabo,
651 2734 778 2767 nam
816 2716 1019 2788 optime
1053 2714 1120 2767 de
1155 2713 1345 2767 eadem
1369 2732 1428 2766 re
1461 2731 1638 2784 nuper
1657 2713 1719 2765 L.
1744 2713 1918 2785 Spenn

86 2804 294 2876 'gelium
334 2805 481 2874 (ueb.
523 2805 572 2859 d.
612 2807 731 2860 crit.
791 2806 840 2859 d.
885 2825 1028 2859 uarr.
1069 2806 1260 2859 buech.
1317 2805 1384 2857 de
1422 2805 1456 2858 l.
1491 2805 1525 2857 l.
1587 2804 1792 2857 Abhdl.
1851 2806 1918 2857 de

85 2895 514 2966 bayerpakadj.
541 2895 781 2964 bd.VII,
802 2896 858 2949 II
881 2914 932 2966 p.
953 2896 1054 2948 443
1080 2895 1183 2966 sq.)
1216 2895 1419 2948 dixisse
1457 2885 1635 2948 uideo,
1674 2895 1919 2947 Primum

85 2993 140 3038 et
183 2985 251 3039 de
286 2993 534 3059 tempore
572 3004 676 3056 quo
716 2987 822 3040 hoc
861 3006 994 3058 opus
1032 2986 1330 3040 absoluerit
1367 2986 1543 3039 Varro
1599 2994 1651 3038 et
1691 2986 1759 3038 de
1795 2986 1916 3056 ipso

86 3092 254 3148 opere
303 3077 548 3148 sagacius
598 3077 855 3130 iudicauit
902 3077 969 3132 O.
1008 3077 1245 3130 Mueller
1291 3096 1451 3147 quam
1501 3077 1703 3128 uerius.
1781 3075 1917 3128 Cum

85 3151 231 3218 enim
264 3166 572 3220 Varronem
611 3174 736 3239 post
788 3186 1029 3239 pugnam
1079 3167 1447 3220 Pharsalicam
1501 3186 1545 3218 a.
1585 3186 1635 3217 u.
1678 3164 1918 3218 DOGVI

85 3255 173 3323 (ef.
221 3255 283 3309 L.
329 3257 474 3310 Roth
512 3258 675 3312 leben
728 3258 778 3310 d.
816 3259 993 3311 Varro
1052 3278 1104 3330 p,
1138 3257 1227 3321 21)
1293 3257 1362 3308 ad
1419 3256 1586 3308 libros
1641 3264 1693 3307 et
1748 3255 1922 3307 studia

85 3364 367 3400 reuersum
404 3364 523 3400 esse
562 3365 630 3400 ex
672 3346 839 3418 ipsius
881 3346 1162 3400 Ciceronis
1208 3344 1518 3398 testimonio
1570 3344 1624 3394 in
1674 3343 1918 3413 epistulis

84 3433 155 3488 0,ιί
174 3434 478 3489 Varronem
517 3436 606 3506 (ad
636 3437 759 3488 fam.
787 3436 969 3489 VIIII
990 3437 1037 3504 l,
1061 3436 1108 3488 2.
1139 3437 1188 3503 6,
1207 3436 1263 3501 4)
1308 3441 1531 3499 constet,
1571 3451 1640 3484 ex
1679 3432 1921 3484 eiusdem

87 3540 222 3579 uero
257 3525 493 3596 querelis
516 3526 712 3593 (Acad.
733 3533 871 3597 post.
898 3527 927 3579 I
957 3526 1000 3592 l,
1021 3526 1053 3576 2
1094 3533 1148 3578 et
1187 3524 1416 3596 epistula
1449 3523 1658 3602 adlAtt.
1678 3522 1822 3576 XIII
1843 3521 1923 3590 12,
