2306 4016
1213 313 1275 358 72

325 457 577 526 exemplo
614 455 758 526 quod
774 455 1079 507 Varronem
1100 455 1357 508 adtulisse
1379 456 1673 510 Diomedes
1700 465 1925 512 testatur
1943 459 2034 527 (fr.
2063 459 2151 527 76)

327 547 488 598 etiam
527 546 584 598 in
622 544 865 615 spondeo
902 545 1142 598 secundo
1182 546 1298 598 loco
1336 547 1511 616 posito
1555 548 1809 601 conuenit
1849 551 1944 614 (cf.
1987 549 2050 604 C.
2088 549 2152 603 L.

325 635 630 691 Schneider
666 636 760 687 lat.
798 655 1025 706 gramm.
1066 636 1144 688 Il
1187 655 1239 706 p.
1261 636 1404 704 683).

488 725 610 778 Hoc
646 744 778 778 uero
817 733 1136 794 argumento
1176 726 1446 779 subtiliter
1491 735 1739 797 tractato,
1795 731 1924 782 satis
1971 730 2152 802 amplo

329 818 576 887 profecto
615 824 668 869 et
704 817 965 888 inpeditO,
988 817 1293 868 Varronem
1331 825 1503 869 totum
1542 818 1736 872 librum
1780 827 2027 889 quartum
2065 837 2156 872 ex-

333 907 572 978 pleuisse
612 907 859 960 arbitror.
911 906 1206 960 accedebat
1261 915 1440 960 autem
1489 909 1543 960 ni
1594 910 1950 964 uehementer
1998 910 2158 963 fallor

330 1000 491 1054 aliud.
535 1020 645 1054 non
688 1009 801 1053 erat
841 1001 1001 1070 enim,
1038 1021 1132 1053 cur
1167 1001 1218 1054 in
1261 1020 1426 1073 opere
1460 1002 1525 1054 de
1552 1020 1801 1056 sermone
1829 1003 2011 1071 latin0,
2046 1022 2150 1073 quo

331 1099 437 1143 tam
475 1098 722 1144 accurate
759 1099 1042 1161 poetarum
1075 1100 1247 1144 metra
1294 1092 1611 1162 scriptorem
1658 1093 1972 1147 inlustrasse
2020 1093 2157 1146 uidi-

328 1201 468 1250 muS,
507 1182 713 1234 solutae
756 1181 1008 1234 orationis
1045 1201 1300 1235 numeros
1339 1184 1677 1254 neglegeret.
1727 1183 1784 1237 in
1827 1184 2019 1254 quibus
2061 1202 2155 1236 ex-

329 1272 592 1344 plicandis
623 1272 872 1342 antiquos
909 1273 1053 1325 haud
1090 1274 1444 1327 mediocriter
1481 1283 1724 1328 uersatos
1763 1293 1880 1328 csse
1931 1282 1985 1328 et
2031 1275 2158 1329 inde

330 1385 360 1416 a
395 1363 758 1436 sophistarum
797 1364 1031 1435 Hippiae
1073 1371 1125 1417 et
1164 1364 1407 1435 Gorgiae
1456 1365 1787 1437 temporibus
1841 1365 2158 1437 praesertim

331 1455 421 1527 qui
460 1455 527 1507 de
566 1463 680 1507 arte
725 1454 941 1508 dicendi
977 1456 1312 1526 scripserunt
1349 1455 1474 1507 huic
1513 1455 1788 1508 doctrinae
1821 1474 2042 1526 operam
2065 1455 2156 1508 de-

330 1545 473 1598 disse
514 1553 700 1597 notum
739 1552 820 1597 est
844 1545 936 1613 (cf.
962 1544 1188 1598 Aristot.
1207 1545 1346 1597 rhet.
1363 1544 1451 1598 III
1475 1545 1524 1597 8.
1564 1544 1675 1600 Cic.
1698 1553 1828 1598 orat.
1849 1545 1933 1614 41,
1959 1543 2058 1598 1'40
2078 1564 2158 1614 sq.

332 1635 514 1702 Quint.
552 1635 672 1688 inst.
716 1641 847 1686 orat.
865 1634 1037 1686 VIIII
1058 1634 1107 1701 4,
1129 1634 1199 1687 45
1224 1653 1300 1703 sq.
1340 1634 1400 1686 E.
1428 1635 1501 1688 M.
1525 1634 1676 1706 Cope
1709 1637 1888 1705 journ.
1912 1637 1973 1688 of
2003 1635 2155 1688 class,

336 1747 383 1778 a.
421 1746 553 1780 sacr.
596 1725 785 1798 philol.
824 1725 912 1778 III
947 1745 1000 1796 p.
1026 1726 1231 1796 51sq.).
1278 1726 1583 1779 Varronem
1621 1734 1798 1779 autem
1835 1745 1944 1780 non
1982 1727 2158 1780 solum

332 1816 459 1869 talia
513 1817 714 1889 scripta
762 1825 822 1869 ut
862 1816 1066 1888 Ephori
1121 1815 1243 1881 περὶ
1277 1815 1464 1875 λέξεως
1503 1824 1555 1869 et
1592 1816 1950 1888 Theophrasti
1988 1816 2155 1869 libros
2192 1806 2194 1810 V

330 1908 383 1959 in
422 1907 614 1976 quibus
655 1926 844 1978 prosae
881 1927 1135 1961 numeros
1177 1914 1500 1960 tractauerat
1525 1908 1615 1975 (cf.
1641 1926 1801 1978 supra
1819 1908 1971 1980 p.61.
2011 1908 2155 1962 Max.

331 1997 582 2052 Schmidt
619 1999 654 2050 l.
698 1999 732 2049 l.
769 2019 821 2070 p.
852 1998 921 2052 45
943 1996 1045 2070 sq.')
1096 1999 1151 2051 in
1186 1999 1288 2051 hoc
1325 2017 1489 2069 opere
1530 1998 1920 2052 conscribendo
1962 2017 2153 2052 consu·

331 2089 495 2143 luisse
539 2109 701 2161 supra
741 2090 993 2157 uidimus,
1038 2108 1228 2143 uerum
1269 2091 1431 2142 etiam
1481 2090 1659 2161 ipsum
1707 2108 1841 2161 opus
1877 2089 1992 2142 siue
2034 2089 2156 2140 titu-

332 2182 445 2234 lum
483 2187 784 2252 spectamus
823 2180 938 2233 siue
976 2188 1357 2250 argumentum
1398 2179 1686 2232 admodum
1725 2178 1899 2232 simile
1935 2187 1992 2232 >et
2033 2197 2155 2250 pro·

336 2272 601 2343 pinquum
639 2280 718 2324 est
759 2271 834 2324 eis
875 2270 1046 2335 libris,
1085 2271 1175 2340 qui
1215 2269 1338 2335 περὶ
1373 2272 1558 2331 λέξεως
1594 2269 1838 2340 inscripti
1872 2271 1999 2323 artis
2037 2270 2156 2323 rhe-

341 2364 537 2416 toricae
576 2371 784 2435 partem
826 2363 894 2414 de
932 2363 1240 2415 elocutione
1277 2362 1370 2431 (cf.
1410 2361 1470 2414 L.
1494 2361 1742 2432 Spengel
1773 2361 1900 2414 neb.
1934 2361 1985 2414 d.
2016 2361 2158 2415 stud.

338 2455 388 2506 d.
418 2453 663 2506 rhetorik
703 2455 752 2506 b.
778 2453 827 2506 d.
850 2453 938 2506 alt.
983 2473 1033 2524 p.
1055 2445 1144 2517 26)
1189 2452 1454 2504 docebant
1493 2452 1581 2518 (cf.
1604 2451 1667 2504 Ε.
1688 2451 1861 2504 Meier
1890 2469 2074 2522 opusc.
2102 2451 2159 2504 II

338 2566 389 2617 p.
420 2545 499 2597 18.
553 2543 1027 2599 G.W0stermann
1059 2544 1250 2614 gesch.
1288 2542 1337 2594 d.
1378 2541 1586 2595 beredS.
1625 2542 1655 2595 I
1693 2561 1742 2613 p.
1769 2541 1882 2594 138.
1909 2542 2046 2608 171).
2107 2541 2162 2594 in

339 2635 533 2705 quibus
587 2653 709 2686 cum
748 2634 1004 2687 orationis
1041 2635 1245 2687 solutae
1295 2651 1549 2686 numeros
1595 2650 1871 2703 exponere
1926 2631 2164 2684 solerent

340 2744 409 2777 ex
440 2725 746 2794 argumenti
784 2725 1038 2777 simillimi
1078 2724 1262 2776 indole
1301 2724 1672 2776 idVarronem
1717 2739 1930 2794 quoque
1969 2721 2163 2775 fecisse

338 2815 616 2886 probabile
676 2824 770 2867 est.
845 2814 1064 2884 grauius
1100 2822 1278 2867 autem
1318 2822 1413 2881 est,
1466 2814 1610 2883 quod
1655 2813 1720 2866 ab
1761 2830 1924 2885 opere
1962 2813 2020 2864 in
2060 2830 2164 2881 quo

339 2905 462 2976 puri
500 2905 764 2959 sermonis
803 2913 1089 2976 praecepta
1130 2905 1307 2958 danda
1347 2913 1500 2958 erant
1537 2923 1729 2975 prosae
1766 2904 1995 2973 numeri,
2034 2922 2163 2974 quo-

338 3016 457 3049 rum
495 2995 716 3048 scientia
750 2996 1040 3065 unicuique
1079 2997 1296 3067 publice
1322 2996 1524 3049 dicenti
1552 2996 1857 3048 necessaria
1885 3003 2016 3064 erat,
2054 3013 2164 3048 non

337 3087 512 3157 magis
551 3087 713 3138 alieni
754 3095 906 3138 erant
948 3105 1106 3156 quam
1143 3094 1423 3157 poetarum
1462 3095 1647 3140 metra.
1687 3088 1819 3140 haec
1845 3085 2015 3156 igitur
2045 3106 2164 3141 cum

339 3199 368 3230 a
408 3179 659 3231 Varrone
698 3185 924 3230 tractata
960 3197 1076 3232 esse
1115 3179 1364 3248 sciam11S‚
1403 3180 1469 3231 de
1506 3178 1612 3232 illis
1650 3177 1776 3231 satis
1814 3177 2166 3249 probabiliter

338 3271 481 3323 idem
535 3270 812 3339 conligere
868 3287 1167 3340 possumus.
1242 3269 1550 3322 testimonia
1588 3276 1735 3322 certa
1785 3277 1838 3321 et
1886 3267 2166 3321 manifesta

340 3361 496 3413 huius
535 3360 614 3412 rei
650 3378 762 3412 non
797 3360 1031 3431 repperi.
1072 3379 1179 3412 non
1200 3369 1381 3412 autem
1414 3359 1811 3413 inconsiderate
1835 3357 2163 3412 contendere

342 3451 471 3502 mihi
508 3449 699 3502 uideor
736 3449 960 3502 alicuius
999 3451 1254 3502 momenti
1283 3451 1338 3502 in
1371 3451 1470 3503 hac
1501 3449 1816 3522 quaestione
1849 3467 1966 3502 esse
1988 3448 2166 3502 Rufini

341 3541 525 3594 locum
566 3540 655 3611 qui
710 3540 765 3592 in
816 3540 1000 3594 libello
1059 3539 1126 3592 de
1184 3542 1368 3594 metris
1411 3549 1684 3594 oratorum
1737 3557 1767 3592 e
1809 3537 2072 3593 Cicerone
2112 3547 2166 3590 et
