2372 4082
1114 361 1213 409 203

242 512 561 575 extremam,
598 513 657 559 ut
688 506 746 560 in
777 506 913 560 hoc:
970 506 1194 560 ‘amicus
1235 524 1476 560 summus
1515 524 1666 560 meus
1707 514 1762 560 et
1798 504 2076 580 popularis

245 596 425 654 Geta’.
2077 595 2087 605 ‘

180 759 239 812 75
384 748 710 808 Octonarius
748 758 847 820 est,
876 757 938 803 ut
972 750 1150 803 Varro
1187 749 1336 818 dicit,
1394 766 1518 802 cum
1555 747 1661 802 duo
1699 746 1861 802 iambi
1903 745 2075 818 pedes

238 840 470 896 iambico
523 848 697 894 metro
755 849 1184 914 praeponuntur,
1245 847 1299 893 et
1346 840 1408 893 fit
1453 857 1646 893 uersus
1697 838 1844 893 talis:
1906 838 2079 910 ‘pater

20 987 26 994 ,,
116 1006 118 1010 .
191 950 220 994 5
244 948 397 986 meus
438 929 627 986 dicens
670 930 918 986 docendo
958 929 1049 1000 qui
1088 931 1247 984 docet
1288 930 1419 984 dicit
1459 928 1698 984 docens'.

180 1093 235 1144 76
376 1085 465 1144 Ex
502 1086 732 1143 iambico
776 1106 980 1143 nouum
1018 1103 1239 1141 carmen
1273 1085 1443 1139 refert
1475 1085 1663 1141 Varro·
1697 1084 1851 1139 cuius
1890 1102 2074 1138 exem-

167 1173 179 1186 ’
238 1178 390 1250 plum
427 1184 510 1234 est
543 1177 681 1233 tale:
721 1178 936 1250 ‘pedem
971 1179 1400 1248 rhythmumque
1446 1175 1598 1230 finit’.
1690 1175 1736 1232 si
1774 1175 1942 1232 addas
1986 1175 2077 1228 hic

240 1285 378 1338 quae
419 1266 663 1321 detracta
698 1275 824 1322 sunt
861 1287 930 1322 ex
968 1269 1219 1337 iambico,
1255 1268 1489 1323 eundem
1527 1267 1821 1321 iambicum
1859 1267 2076 1337 supple·

234 1357 318 1414 bis
352 1358 456 1414 sic:
496 1358 709 1430 ‘pedem
733 1359 1161 1431 rhythmumque
1184 1357 1304 1411 finit
1327 1357 1457 1424 [alta
1479 1356 1734 1423 nauium]’
1761 1364 1942 1428 potest
1971 1356 2078 1413 hoc

165 1464 223 1513 10
242 1466 451 1508 comma
487 1449 596 1503 tale
637 1467 772 1518 esse,
809 1450 970 1519 quale
1011 1448 1178 1504 illud:
1219 1448 1596 1503 ‘Philumenae
1641 1446 1895 1515 dolores’,
1933 1446 2079 1516 quod

238 1546 320 1595 est
357 1557 429 1595 ex
463 1539 695 1612 iambico
734 1540 1059 1611 septenario,

187 1698 246 1748 77
388 1689 807 1744 Archilochium
832 1690 1010 1743 Varro
1046 1690 1186 1743 illud
1226 1691 1375 1760 dicit,
1414 1692 1561 1762 quod
1603 1699 1685 1746 est
1715 1692 1851 1745 tale:
1889 1692 1978 1745 ‘ex
2016 1690 2077 1744 li-

240 1781 449 1836 toribus
481 1788 838 1854 properantes
878 1780 1108 1835 nauibus
1146 1782 1445 1836 recedunt'.

96 1980 98 1983 ,
175 1945 234 1997 78
373 1933 568 1991 Latine
605 1933 987 2004 (scripserunt)
1035 1934 1103 1988 de
1137 1935 1378 1989 numeris
1412 1935 1496 1989 hi:
1538 1933 1734 1990 Cicero
1760 1934 2076 1991 Victorinus

157 2032 214 2078 15
233 2023 502 2079 Eusebius
536 2024 893 2078 Terentianus
930 2024 1106 2077 Varro
1146 2024 1375 2079 Probus,

403 2177 473 2222 75.
537 2178 946 2235 Diom.p.515‚9:
980 2179 1352 2224 Octonarius
1387 2182 1482 2223 est
1515 2212 1525 2223 .
1559 2178 1799 2222 ..dicit
1830 2177 2069 2222 docens.

237 2237 350 2282 tolle
379 2236 488 2283 hinc
518 2237 692 2295 primos
725 2238 840 2282 duos
871 2239 1047 2285 iambos
1085 2243 1132 2282 et
1163 2240 1252 2283 erit
1282 2239 1377 2283 tale
1414 2239 1547 2295 quale
1580 2238 1696 2284 illud
1728 2241 1824 2284 est:
1866 2236 1968 2286 ‘ibis
2001 2236 2076 2280 Li-

236 2296 398 2341 burnis
428 2296 554 2340 inter
589 2297 683 2340 alta.
714 2298 916 2341 nauium'
949 2299 1126 2351 (Horat.
1159 2301 1280 2356 epod.
1316 2301 1340 2341 Ι
1374 2299 1434 2354 1).

404 2354 474 2399 76.
535 2355 685 2399 Diom.
719 2357 884 2413 p.518,
917 2357 996 2400 14:
1042 2356 1126 2400 Ex
1153 2357 1411 2402 iambico
1449 2390 1458 2401 .
1493 2391 1503 2401 .
1539 2390 1549 2400 .
1581 2354 1835 2399 iambico
1869 2356 2076 2410 septe-

236 2414 434 2463 nario.
497 2417 546 2460 et
577 2415 696 2463 illud
728 2416 837 2460 hinc
867 2420 939 2461 est
970 2431 1162 2474 comma,
1181 2418 1307 2474 quod
1322 2416 1515 2463 Arbiter
1547 2414 1661 2460 fecit
1688 2415 1805 2459 tale:
1841 2417 1970 2458 ‘anus
2002 2427 2073 2459 re-

237 2477 373 2524 cocta
401 2473 513 2518 uino
541 2474 548 2528 ι
574 2476 887 2521 trementibus
918 2476 1127 2520 labellis'.

399 2531 473 2575 77.
538 2532 691 2577 Diom.
726 2535 892 2590 p.515,
925 2534 1004 2578 19:
1038 2533 1502 2579 Archilochium
1532 2532 1728 2576 Varro
1761 2535 1771 2575 ς
1809 2564 1819 2574 .
1858 2566 1866 2574 .
1900 2544 2070 2575 rece-

235 2591 395 2647 dunt.
455 2591 532 2637 hic
563 2592 775 2648 superius
809 2608 986 2638 comma
1018 2595 1140 2650 quod
1172 2597 1245 2638 est
1275 2594 1370 2637 tale
1391 2591 1483 2649 [‘ex
1508 2591 1725 2636 litoribus
1747 2590 2068 2650 properantes’

235 2649 381 2697 simile
412 2654 484 2696 est
515 2651 586 2694 illi
619 2652 742 2708 quod
774 2657 845 2698 est
874 2653 1014 2709 tale]:
1070 2653 1250 2696 ‘Troiae
1285 2652 1364 2709 qui
1392 2652 1570 2708 primus
1613 2651 1671 2694 ab
1709 2650 1831 2704 oris’,
1876 2649 2070 2694 inferius

235 2723 428 2764 comma,
461 2710 587 2766 quod
617 2715 688 2754 est
718 2713 810 2756 tale
835 2713 1045 2757 ‘nauibus
1062 2712 1303 2757 recedunt'
1335 2711 1484 2755 simile
1519 2713 1591 2754 est
1620 2710 1689 2753 illi
1719 2709 1843 2765 quod
1874 2712 1945 2753 est
1972 2708 2068 2752 tale

236 2768 490 2818 ‘machinae
525 2769 737 2815 carinas’.

399 2827 471 2872 78.
502 2843 507 2849 ·
532 2827 685 2873 Rufin.
714 2829 773 2873 de
805 2833 941 2873 metr.
971 2832 1088 2874 orat.
1119 2828 1297 2886 p.2720
1314 2828 1366 2872 P.
1391 2829 1479 2874 398
1500 2828 1577 2872 Gn:
1616 2827 1884 2873 Victorinus
1921 2826 2071 2871 multa

234 2885 350 2935 dicit
393 2886 451 2932 de
492 2888 829 2945 compositione
871 2892 920 2933 et
958 2890 1162 2933 numeris
1204 2892 1251 2933 et
1291 2885 1488 2945 pedibus
1521 2887 1753 2932 oratoriis.
1823 2890 1875 2931 ut
1909 2886 2070 2930 Cicero

235 2946 302 2999 (in
335 2948 547 3002 Oratore)
585 2947 713 3002 dicit,
745 2947 826 2991 isti
856 2948 1146 3005 scripserunt
1177 2948 1301 3005 apud
1330 2962 1524 3006 graecos
1556 2946 1922 3002 Thrasymachus
1951 2945 2075 2989 Nau·

233 3007 386 3049 crates
421 3005 616 3062 Gorgias
646 3007 861 3063 Ephorus
896 3007 1126 3052 Isocrates
1160 3007 1451 3051 Theodectes
1482 3006 1762 3052 Aristoteles
1796 3005 2067 3049 Theodorus

231 3063 479 3119 Byzantius
509 3065 853 3122 Theophrastus
889 3065 1245 3123 [Hieronymus].
1323 3067 1521 3112 latine
1556 3066 1623 3110 de
1659 3064 1928 3109 numeris
1962 3098 1971 3110 .
2007 3097 2017 3109 .

233 3122 456 3170 Probus
489 3123 720 3171 Charisius
752 3125 999 3171 Diomedes
1034 3126 1347 3181 Quintilianus
1379 3127 1589 3171 Donatus
1622 3124 1788 3170 Victor
1819 3123 2021 3171 Seruius.

405 3252 429 3296 1
476 3250 682 3309 amicus]
726 3252 920 3301 Terent.
959 3252 1158 3303 Phorm.
1198 3255 1239 3305 Ι
1263 3257 1308 3311 1,
1339 3257 1368 3301 1
1391 3253 1416 3310 ΙΙ
1438 3267 1574 3301 meus
1609 3266 1720 3314 sup.
1762 3251 1940 3302 lineam
1963 3251 2014 3302 B
2054 3241 2065 3314 Ι

237 3320 269 3370 4
306 3323 652 3384 proponuntur
686 3319 857 3371 ΑΒΜ
874 3323 897 3379 ΙΙ
924 3321 952 3368 5
993 3321 1157 3373 dicens
1190 3326 1364 3386 priore
1402 3323 1503 3371 loco
1541 3337 1572 3370 a
1616 3320 1792 3368 docens
1829 3319 1998 3370 ΑΒΜ
2058 3318 2067 3381 Ι

239 3388 268 3435 6
307 3386 386 3434 Ex
420 3403 510 3436 om.
548 3388 719 3438 ABM
754 3386 779 3455 ΙΙ
818 3389 1048 3446 iambico]
1085 3391 1432 3438 iambionicum
1467 3392 1816 3439 Lachmannus
1845 3393 1899 3437 in
1915 3389 2071 3436 Lucr.

231 3458 465 3554 1132761!
493 3460 557 3505 10
591 3458 917 3524 phylumenae
959 3458 1077 3512 ΒΜ
1111 3461 1304 3510 Terent.
1343 3462 1464 3511 Hec.
1501 3460 1607 3510 III
1637 3461 1689 3518 2,
1728 3460 1927 3519 141114
1969 3456 2070 3513 hie-

239 3582 405 3619 secero
442 3567 494 3618 B
514 3570 539 3627 ΙΙ
