2280 4088
1022 357 1119 406 105

158 509 424 582 Vigilant.
460 509 521 563 3:
560 512 928 562 dictatiuncula.
996 503 1310 575 Symmach.
1349 502 1505 575 epist.
1531 500 1616 556 VI
1646 500 1720 570 4).
1775 516 1990 553 errores

157 608 336 655 autem
377 600 435 654 in
469 598 812 669 antiquorum
849 598 1000 651 libris
1037 602 1129 650 aut
1164 612 1333 667 praue
1368 593 1657 648 scribendo
1694 599 1785 645 aut
1822 608 1990 663 praue

158 691 414 746 dictando
454 692 830 745 nascebantur.
872 690 1098 742 alterum
1142 686 1447 740 membrum
1485 684 1553 737 ad
1590 702 1678 737 res
1707 704 1737 736 a
1762 682 1990 754 scripto-

155 784 307 838 ribus
346 782 571 836 traditas
606 788 830 854 spectat,
872 798 1010 852 quae
1046 778 1349 833 secundum
1393 776 1733 847 singulorum
1773 781 1989 827 senten-

154 875 285 928 tiam
322 881 376 927 et
427 873 801 927 auctoritatem
838 870 1190 944 accipiendae
1234 869 1355 937 sint,
1415 867 1560 939 quod
1615 865 1859 919 historici
1899 865 1992 918 uel

157 965 489 1036 mythologi,
524 964 621 1017 sed
659 982 768 1016 non
808 961 1170 1016 emendatoris
1207 967 1306 1013 est.
1361 958 1527 1011 iudici
1561 958 1865 1010 membrum
1909 974 1991 1009 se-

157 1057 394 1111 cundum
433 1055 501 1109 de
549 1054 847 1108 aesthetica
899 1053 1226 1125 scriptorum
1267 1050 1638 1103 aestimatione
1681 1066 1816 1119 quae
1858 1047 1992 1101 Dio-

155 1147 300 1219 nysii
325 1148 496 1211 κρι’σις
526 1154 623 1215 est,
645 1163 811 1216 agere
832 1145 1084 1213 uidimus,
1107 1143 1255 1216 prius
1279 1150 1459 1196 autem
1481 1142 1524 1195 si
1540 1147 1994 1208 pronuntiationem

154 1237 358 1311 premis
383 1237 468 1290 -ad
503 1236 795 1289 lectionem
834 1235 1183 1289 referendum
1225 1241 1322 1302 est,
1360 1234 1403 1287 si
1444 1231 1852 1305 pronuntiatum
1891 1249 1991 1303 pro

154 1335 336 1384 dictum
368 1327 588 1401 accipiS,
621 1327 767 1380 idem
804 1328 921 1380 fere
959 1326 1104 1397 quod
1129 1327 1362 1378 alterum
1398 1324 1704 1376 membrum
1732 1322 1993 1390 continet3

153 1437 285 1473 uera
332 1418 477 1472 enim
532 1418 784 1472 carminis
837 1417 1113 1472 cuiusdam
1170 1417 1263 1470 uel
1314 1414 1502 1488 scripti
1539 1413 1840 1468 aestimatio
1882 1431 1993 1466 non

154 1510 436 1586 perficitur
483 1510 586 1563 nisi
633 1509 866 1581 singulis
919 1509 1252 1582 ponderatis,
1309 1527 1442 1561 num
1495 1514 1642 1560 recte
1696 1525 1767 1558 an
1822 1523 1992 1576 praue

155 1603 301 1656 dicta
334 1602 458 1656 sint.
497 1621 621 1655 cum
657 1620 789 1655 uero
816 1601 873 1654 in
909 1602 1146 1655 lectione
1175 1599 1556 1654 emendatione
1581 1597 1782 1651 iudicio
1807 1597 1991 1670 priora

156 1695 400 1748 membra
448 1693 588 1746 male
634 1711 691 1746 se
734 1694 939 1752 habere
976 1693 1065 1746 uel
1105 1693 1298 1747 saltem
1341 1691 1409 1744 ad
1448 1691 1755 1743 Varronem
1793 1687 1989 1742 referri

151 1804 263 1840 non
299 1802 459 1856 posse
498 1803 644 1838 nunc
682 1783 1029 1837 manifestum
1069 1783 1154 1851 sit,
1214 1783 1362 1835 idem
1401 1782 1468 1835 de
1514 1779 1859 1835 enarratione
1898 1800 1990 1833 ua-

148 1877 244 1947 let,
292 1876 387 1931 ubi
438 1876 809 1929 ‘obscurorum
853 1894 1110 1929 sensuum
1164 1875 1613 1947 quaestionumue
1661 1871 1987 1945 explanatio’

151 1975 207 2022 et
241 1968 473 2021 barbare
511 1967 656 2020 dicta
711 1974 766 2020 et
812 1985 1217 2039 superuacanea
1256 1974 1337 2020 est
1378 1968 1467 2033 (cf.
1502 1965 1655 2022 Sext.
1682 1963 1840 2035 Emp.
1865 1963 1989 2018 adu.

149 2064 379 2130 gramm.
417 2059 525 2125 93).
566 2060 642 2112 sic
687 2065 945 2131 quantum
982 2059 1100 2112 fieri
1151 2058 1329 2131 potuit
1368 2057 1633 2111 Varronis
1677 2056 1923 2111 doctrina
1946 2057 1986 2124 ¹)

149 2158 488 2224 recuperata,
527 2150 755 2221 adparet
794 2168 951 2219 quam
989 2157 1105 2204 arto
1154 2150 1373 2203 uinculo
1420 2168 1545 2202 cum
1582 2147 1990 2203 Alexandrino·

150 2260 274 2296 rum
311 2241 614 2313 praeceptis
653 2259 716 2293 ea
746 2240 1035 2294 coniuncta
1071 2260 1132 2294 ac
1173 2241 1423 2313 copulata
1454 2240 1565 2302 sit„

319 2332 516 2386 Paucis
558 2351 702 2386 nunc
739 2333 1110 2405 quaerendum
1137 2341 1234 2402 est,
1275 2354 1406 2387 num
1432 2334 1568 2388 haec
1592 2334 1786 2387 harum
1805 2351 1990 2386 rerum

161 2423 468 2477 coniunctio
510 2443 646 2496 quae
689 2424 878 2477 nititur
913 2425 969 2477 in
1006 2426 1316 2496 fragmento
1356 2426 1441 2495 91,
1487 2428 1716 2480 fortasse
1755 2424 1872 2478 aliis
1911 2445 1987 2478 ra·

150 2513 389 2569 tionibus
427 2513 648 2567 defendi
685 2515 872 2587 possit.
925 2516 1252 2570 Ritschelius
1299 2518 1464 2587 enim,
1521 2537 1646 2571 cum
1699 2518 1796 2570 has
1856 2516 1990 2570 duas

156 2603 454 2660 diuisiones
512 2606 656 2659 inter
713 2625 771 2660 se
826 2626 935 2660 non
986 2609 1278 2662 conuenire
1328 2609 1559 2678 uideret,
1621 2609 1864 2680 priorem
1921 2609 1990 2662 ad

151 2696 579 2770 grammaticam,
644 2697 869 2751 alteram
925 2699 994 2752 ad
1051 2699 1199 2752 aliud
1256 2700 1529 2770 quoddam
1588 2719 1724 2773 opus
1781 2700 1992 2754 rettulit

57 2787 72 2795 ”
150 2789 382 2860 (quaest.
421 2788 582 2842 Varr.
622 2808 674 2861 p.
700 2790 770 2859 7).
806 2791 1041 2862 primum
1082 2800 1262 2846 autem
1286 2793 1633 2846 Victorinum
1672 2799 1725 2846 et
1762 2792 1986 2847 Diome-

153 2880 294 2948 dem,
334 2879 479 2952 apud
518 2899 652 2953 quos
690 2882 824 2935 haec
863 2883 1170 2936 testimonia
1212 2892 1416 2951 extant,
1471 2884 1655 2937 multis
1711 2885 1875 2938 rebus
1914 2883 1988 2936 ita

155 2971 462 3026 consentire
489 2972 742 3041 uidimUS,
779 2982 839 3027 ut
875 2993 1099 3030 neccsse
1139 2976 1207 3030 sit
1248 2976 1482 3029 eundem
1521 2983 1800 3029 auctorem
1833 2996 1988 3029 usur-

149 3063 417 3135 pauerint.
456 3063 550 3116 ille
582 3064 751 3134 igitur
787 3074 974 3119 auctor
1010 3067 1159 3120 initio
1199 3068 1378 3141 operis
1407 3069 1489 3122 sui
1512 3068 1776 3123 Varronis
1804 3087 1986 3139 gram-

148 3152 400 3237 maticam
438 3155 710 3209 consuluit
747 3165 800 3209 et
852 3157 981 3210 inde
1034 3177 1170 3230 quae
1219 3167 1346 3230 apta
1395 3160 1445 3212 ei
1493 3160 1819 3213 uidebantur
1856 3160 1984 3214 satis

142 3252 403 3298 ¹accurate
439 3247 730 3315 transtulit.
774 3267 843 3302 ex
882 3267 945 3303 eo
999 3250 1126 3320 (nisi
1177 3250 1321 3322 quod
1362 3250 1418 3304 in
1455 3251 1538 3304 his
1577 3251 1741 3304 rebus
1775 3251 1977 3322 ubique

315 3463 364 3521 J)
396 3463 626 3510 Steinthal
656 3467 733 3512 1.1,
754 3483 799 3524 p.
817 3467 905 3511 547
936 3467 985 3510 in
1000 3467 1238 3513 Diomedis
1270 3470 1531 3514 socordiam
1563 3472 1610 3513 et
1640 3468 1986 3525 neglegentiam

155 3542 290 3586 nimis
321 3543 597 3591 festinanter
630 3547 808 3591 inuexit
843 3563 990 3604 neque
1024 3550 1134 3605 quid
1165 3552 1288 3607 apud
1325 3566 1427 3595 eum
1456 3550 1659 3593 melioris
1692 3555 1815 3596 esset
1845 3553 1984 3594 notae

151 3619 366 3668 excussit.
