2358 4016
1269 306 1334 353 64

389 451 444 504 in
478 452 703 523 reliquis
740 469 952 523 quoque
991 452 1155 504 rebus
1192 451 1309 504 sine
1350 451 1514 505 dubio
1551 451 1694 504 fecit.
1770 452 1838 504 (10
1877 453 2212 523 syllabarum

391 543 722 614 temporibus
745 541 787 611 1)
828 549 1048 612 praeter
1085 559 1147 593 ea
1186 559 1322 610 quae
1350 540 1574 596 Seruius
1611 542 1775 595 habet
1806 543 1937 615 quid
1963 543 2210 598 docuerit

390 632 497 685 dici
553 631 737 701 nequit
761 631 822 701 2).
897 650 1217 684 conmunem
1271 639 1416 684 certe
1474 632 1739 702 syllabam
1785 633 1851 685 ab
1898 651 1961 687 00
1999 642 2211 690 media-m

392 739 510 775 csse
551 722 876 792 adpellatam
915 740 944 774 e
981 721 1152 774 Mario
1191 721 1470 774 Victorino
1511 722 1541 775 I
1563 721 1596 774 5
1633 741 1685 793 p.
1709 723 1778 774 30
1799 721 1869 778 G.
1907 739 1958 795 p.
1979 724 2112 777 2471
2136 725 2206 780 P.

386 812 647 882 suspicor,
697 830 857 881 quem
911 829 982 864 ne
1036 812 1191 883 plura
1241 812 1346 865 hoc
1400 812 1573 883 capite
1614 832 1643 866 e
1678 813 1928 868 Varrone
1963 814 2208 870 hausisse

387 910 543 973 putes
581 901 804 955 Luciani
843 902 1098 956 Muelleri
1127 901 1256 954 uide
1289 901 1708 974 disputationem
1752 905 1809 972 (l.
1846 905 1883 957 l.
1919 925 1969 977 p.
1994 906 2059 959 16
2085 906 2208 977 sq.).-

385 991 631 1045 ordinem
665 999 845 1044 autem
881 1010 1063 1044 rerum
1098 992 1142 1044 si
1163 990 1359 1045 Seruio
1399 1000 1480 1045 est
1515 993 1650 1046 fides
1684 993 1828 1046 hunc
1863 994 2110 1064 instituit,
2148 1003 2208 1048 ut

381 1082 557 1152 primo
598 1081 666 1134 de
702 1081 895 1153 spiritu
936 1082 1135 1135 deinde
1176 1083 1243 1135 de
1282 1090 1508 1136 accentu
1547 1092 1820 1155 postremo
1868 1086 1935 1138 de
1971 1085 2207 1155 syllaba.-

380 1191 500 1225 rum
538 1172 883 1243 longitudine
927 1180 979 1224 et
1016 1173 1282 1225 breuitate
1322 1182 1526 1244 ageret,
1576 1193 1712 1244 quae
1746 1176 1880 1229 ratio
1921 1172 2206 1247 praeterea

383 1281 446 1315 eo
483 1263 891 1331 conmendatur‚
931 1263 1076 1333 quod
1113 1263 1187 1316 ita
1223 1264 1680 1336 simplicissimum
1714 1266 1994 1320 transitum
2036 1267 2105 1320 ad
2125 1285 2206 1320 se-

383 1362 635 1424 quentem
677 1354 778 1407 sibi
813 1354 1022 1426 parauit
1059 1354 1273 1408 librum.

547 1447 855 1513 Quartus
913 1445 1054 1497 enim
1107 1445 1291 1499 liber
1335 1445 1412 1497 de
1459 1447 1668 1499 rebus
1709 1447 2034 1500 metr-icis
2071 1454 2203 1516 erat,

382 1556 512 1607 quas
546 1537 847 1589 Varronem
889 1535 1214 1604 explicuisse
1250 1544 1331 1588 sat
1367 1555 1596 1605 magnus
1639 1537 2064 1607 fragmentorum
2105 1556 2201 1591 nu·

379 1646 558 1681 merus
595 1628 941 1695 demonstrat,
991 1627 1046 1679 in
1088 1627 1192 1678 hoc
1227 1627 1366 1680 libro
1412 1626 1738 1697 explicuisse
1775 1627 1974 1696 euincit
2013 1628 2198 1682 Rufini

378 1719 745 1772 testimonium
778 1717 1132 1789 probabiliter
1169 1717 1511 1770 emendatum
1551 1719 1643 1787 (cf.
1682 1739 1845 1791 supra
1878 1738 1930 1790 p.
1960 1718 2072 1788 47).
2147 1727 2201 1773 et

382 1809 607 1881 egregia
649 1807 1002 1880 congruentia
1038 1827 1141 1878 qua
1193 1815 1303 1861 tam
1353 1816 1476 1881 apte
1533 1817 1586 1861 et
1619 1810 2007 1863 conuenienter
2041 1828 2200 1881 argu-

381 1908 558 1954 menta
594 1899 738 1953 tertii
779 1908 832 1954 et
871 1899 1046 1970 quarti
1095 1900 1221 1952 libri
1273 1919 1393 1954 sese
1433 1900 1708 1972 excipiunt
1745 1901 1891 1954 haud
1926 1918 2053 1954 sane
2090 1917 2200 1954 me·

544 2095 585 2151 1)
616 2095 684 2139 De
714 2094 1026 2152 adspiratione
1059 2095 1180 2139 infra
1209 2095 1468 2152 disputabo.

541 2174 588 2229 2)
620 2175 672 2218 In
705 2189 796 2230 quo
825 2189 981 2218 rerum
1009 2189 1188 2219 conexu
1218 2175 1307 2219 duo
1337 2176 1516 2231 reliqua
1543 2175 1675 2219 huius
1695 2175 1805 2219 libri
1823 2174 2084 2233 fragmenta
2101 2174 2197 2220 fue-

377 2256 473 2300 rint
505 2254 691 2299 difficile
725 2258 796 2298 est
826 2254 969 2311 dictu3
1000 2255 1196 2300 fortasse
1225 2255 1282 2299 de
1311 2255 1488 2311 primae
1520 2255 1718 2311 syllabae
1739 2255 2033 2313 longitudine
2057 2256 2107 2301 in
2133 2260 2198 2313 fe·
2285 2278 2287 2280 ·

377 2354 485 2382 nore
517 2336 589 2390 (fr.
608 2335 683 2390 62)
718 2335 900 2379 locutus
934 2335 992 2378 ad
1027 2335 1251 2392 originem
1280 2335 1414 2379 huius
1448 2336 1663 2380 uocabuli
1700 2340 1753 2380 ut
1784 2336 1963 2382 adsolet
1996 2336 2195 2386 transiit,

373 2420 582 2463 ceterum
610 2415 847 2460 Ludouico
878 2416 1106 2460 Mercklin
1146 2416 1189 2460 d.
1226 2416 1503 2461 citiermeth.
1547 2417 1589 2460 d.
1623 2417 1738 2462 Gell.
1772 2432 1817 2474 p.
1847 2401 1947 2462 649.
1990 2421 2038 2461 et
2080 2416 2198 2463 Iulio

370 2497 697 2551 Kretzschmer
742 2496 799 2540 de
832 2496 951 2559 Gelli
981 2496 1146 2540 fontib·
1180 2511 1225 2553 p.
1252 2496 1279 2539 9
1312 2496 1388 2551 (cf.
1419 2496 1480 2540 M.
1515 2497 1656 2541 Hertz
1689 2498 1738 2541 in
1767 2496 2058 2542 Fleckeiseni
2089 2512 2194 2542 ann.

376 2576 490 2621 1862
522 2592 566 2633 p.
596 2575 681 2620 715
709 2575 797 2631 sq.)
830 2575 979 2620 Cloati
1013 2575 1123 2620 Veri
1166 2575 1341 2619 dictum
1374 2576 1570 2620 Varroni
1602 2577 1799 2621 Gellium
1830 2577 1999 2622 debere
2029 2591 2199 2634 negan-

372 2657 498 2701 tibus
532 2656 780 2701 adsentior.
811 2655 935 2711 quod
970 2656 1092 2699 enim
1124 2671 1151 2700 a
1176 2656 1341 2700 Verrio
1374 2655 1541 2700 Flacco
1576 2657 1713 2700 (teste
1738 2656 1879 2701 Festo
1909 2670 1951 2700 u.
1973 2657 2196 2701 obstitum

373 2752 419 2794 p.
436 2735 534 2780 193.
554 2736 822 2779 subuculam
843 2751 887 2792 p.
904 2736 1004 2780 309.
1023 2736 1281 2780 molucrum
1298 2750 1342 2792 p.
1361 2735 1443 2780 141
1466 2735 1660 2780 sacrima
1677 2751 1720 2792 p.
1738 2735 1838 2790 318,
1855 2735 2191 2793 posterioribus

374 2816 496 2860 enim
527 2815 640 2861 locis
673 2815 982 2860 certissimum
1011 2816 1166 2860 Vrsini
1198 2817 1590 2873 supplementum3
1625 2817 1745 2860 solus
1769 2816 1974 2861 occurrit
1990 2815 2195 2861 Cloatius

372 2912 416 2941 u.
447 2897 639 2941 obscum
669 2911 713 2953 p.
733 2897 832 2940 189.
867 2897 1114 2952 piacularis
1143 2911 1188 2953 p.
1207 2897 1326 2953 213.)
1360 2911 1496 2954 saepe
1530 2912 1635 2941 cum
1664 2897 1797 2941 Aelio
1834 2898 2011 2942 Stilone
2036 2898 2192 2943 lauda-

370 2980 446 3022 tus
479 2980 564 3032 est,
595 2976 645 3021 id
674 2977 721 3020 in
752 2980 995 3032 utramque
1026 2979 1206 3033 partem
1237 2978 1363 3022 ualet
1393 2981 1530 3033 atque
1562 2981 1668 3022 uter
1701 2979 1757 3023 ab
1793 2979 1938 3023 altero
1962 2979 2194 3025 adhibitus

371 3057 432 3101 sit
463 3072 558 3101 non
590 3057 726 3101 facile
758 3056 1033 3100 adfirmabis.
1070 3071 1218 3113 neque
1252 3071 1276 3100 e
1306 3058 1513 3101 Varrone
1549 3059 1605 3102 de
1639 3059 1666 3101 l.
1692 3059 1722 3103 1.
1755 3058 1898 3104 V102
1928 3074 1972 3116 p.
1996 3058 2084 3104 104
2117 3059 2197 3104 ubi

372 3139 595 3195 conplura
640 3138 782 3181 uerba
814 3137 959 3181 latina
991 3151 1015 3180 e
1053 3151 1217 3194 graeco
1250 3137 1389 3181 ducta
1419 3142 1643 3193 recenset,
1687 3153 1879 3194 quorum
1912 3139 2136 3195 quaedam
2170 3153 2197 3183 a

372 3218 548 3263 Cloatio
581 3219 786 3262 tractata
817 3231 914 3261 esse
947 3217 1151 3261 Macrob.
1187 3220 1258 3260 sat
1294 3216 1508 3270 11118,4.
1543 3217 1612 3270 19,
1633 3217 1659 3259 2
1692 3217 1830 3261 docet
1863 3217 1934 3270 (cf.
1953 3221 2196 3274 praeterea

371 3299 428 3342 de
459 3299 488 3343 l.
520 3299 551 3342 1.
585 3298 645 3342 VI
673 3298 730 3342 96
769 3312 812 3354 p.
844 3296 931 3341 277
973 3311 1078 3341 cum
1121 3296 1239 3340 Gelli
1272 3296 1377 3341 XVI
1403 3295 1472 3351 12,
1491 3296 1549 3352 2),
1585 3297 1839 3341 Varronem
1878 3297 2027 3340 Cloati
2063 3297 2196 3342 libris

369 3393 504 3422 usum
543 3393 643 3423 esse
686 3377 878 3432 efficies,
929 3391 1036 3421 nam
1073 3377 1188 3421 haec
1226 3380 1422 3432 uterque
1463 3379 1517 3419 ut
1557 3376 1646 3419 alia
1685 3377 1867 3420 mittam
1907 3390 1935 3421 a
1980 3377 2198 3422 conmuni

371 3462 560 3503 auctore
601 3457 876 3515 Hypsicrate
926 3456 1002 3512 (cf.
1037 3456 1096 3500 de
1126 3457 1154 3499 l.
1191 3457 1220 3501 1.
1251 3457 1292 3500 V
1313 3455 1372 3500 88
1402 3442 1444 3513 p
1471 3455 1550 3510 90,
1598 3456 1660 3500 M.
1696 3455 1906 3500 Schmidt
1936 3456 2099 3501 Philol.
2130 3456 2196 3501 III

371 3554 414 3597 p.
434 3538 535 3583 458.
569 3539 630 3582 M.
666 3537 965 3595 Sengebusch
994 3537 1103 3581 diss.
1135 3536 1258 3581 hom.
1290 3536 1312 3579 I
1342 3551 1387 3593 p.
1406 3535 1459 3579 11
1479 3542 1566 3592 sq.)
1604 3535 1815 3592 accipere
1846 3536 2017 3593 potuit.
