2222 4056
1129 353 1225 399 146

269 505 476 564 sonant,
513 496 570 548 in
606 495 690 548 his
728 493 1134 550 similitudinem
1172 499 1345 546 tactus
1383 494 1586 562 ualere,
1619 502 1679 548 ut
1707 498 1751 550 si
1780 498 1978 553 leniter
1996 500 2087 557 uel

265 604 454 658 aspere
496 603 711 639 sensum
750 590 999 653 tangunt,
1032 584 1225 638 lenitas
1263 584 1354 637 uel
1395 585 1658 654 asperitas
1693 586 1994 645 litterarum
2022 597 2088 646 ‘ut

263 677 440 746 tangit
478 675 738 741 auditum,
788 675 863 726 sic
921 673 997 725 eis
1049 675 1265 727 nomina
1308 675 1599 746 pepererit,
1651 683 1711 727 ut
1747 676 1926 747 ipsum
1961 678 2083 731 lene

264 786 385 819 cum
422 766 647 822 dicimus
684 764 879 821 leniter
918 772 1086 819 sonat.
1145 764 1262 836 quis
1310 765 1441 821 item
1489 767 1835 836 asperitatem
1874 786 1985 821 non
2032 775 2085 820 et

262 858 378 928 ipso
420 856 638 909 nomine
677 872 920 926 asperam
955 854 1195 908 iudicet?
1247 856 1374 909 lene
1415 863 1495 910 est
1532 855 1749 910 auribus
1776 861 1909 909 'cum
1956 857 2082 911 dici·
2112 873 2140 916 5

261 966 376 999 mus
418 947 686 1017 uoluptas,
737 961 987 1014 asperum
1038 963 1157 999 cum
1204 945 1435 998 dicimus
1487 965 1638 999 crux.
1689 946 1764 999 ita
1797 964 1886 999 res
1933 947 2082 1020 ipsae

258 1036 499 1088 afficiunt
535 1043 595 1088 ut
633 1036 801 1087 uerba
838 1033 1157 1086 sentiuntur.
1199 1035 1326 1103 mel,
1383 1054 1542 1106 quam
1592 1036 1826 1089 suauiter
1863 1045 2083 1107 gustum

259 1144 345 1179 res
381 1126 514 1197 ipsa,
550 1132 660 1178 tam
682 1124 883 1177 leniter
918 1124 1139 1176 nomine
1175 1125 1351 1196 tangit
1385 1125 1654 1195 auditum3
1684 1118 1809 1180 acre
1843 1127 2082 1182 in'‘utr0-

260 1234 361 1286 que
412 1233 666 1287 asperum
722 1222 828 1283 est3
870 1215 994 1268 lana
1045 1223 1098 1268 et
1133 1234 1330 1287 uepres
1376 1224 1436 1269 ut
1475 1217 1765 1273 audiuntur
1802 1208 1971 1272 uerba
2006 1220 2086 1275 sic

255 1307 347 1359 illa
385 1314 698 1378 tanguntur.
766 1307 900 1359 haec
939 1306 1087 1375 quasi
1128 1307 1391 1360 cunabula
1423 1309 1715 1360 uerborum
1752 1326 1870 1362 esse
1903 1300 2083 1362 &tedia
2113 1326 2168 1371 10

256 1397 472 1466 derunt,
506 1397 600 1450 ubi
639 1415 827 1450 sensus
867 1415 1051 1451 rerum
1091 1417 1209 1450 cum
1232 1417 1483 1452 sonorum
1509 1416 1671 1451 sensu
1709 1388 2082 1453 concordaret.-

253 1487 379 1539 hinc
418 1487 487 1539 ad
530 1487 769 1560 ipsarum
807 1488 953 1541 inter
991 1506 1047 1541 se
1089 1506 1271 1540 rerum
1311 1488 1716 1542 similitudinem
1751 1490 2081 1561 processisse

255 1577 527 1630 licentiam
567 1577 902 1638 nominandi,
960 1586 1019 1630 ut
1061 1597 1184 1630 cum
1221 1577 1375 1630 uerbi
1419 1597 1580 1631 causa
1617 1597 1754 1632 crux
1791 1567 2081 1650 prepterea

257 1668 397 1720 dicta
442 1667 528 1736 sit,
582 1668 728 1737 quod
775 1667 943 1740 ipsius
986 1668 1141 1722 uerbi
1179 1668 1440 1741 asperitas
1495 1688 1613 1722 cum
1667 1669 1870 1723 doloris
1920 1659 2080 1740 quem

257 1778 391 1812 crux
424 1758 590 1812 efficit
627 1759 914 1831 asperitate
955 1760 1268 1831 concordet,
1306 1780 1461 1813 crura
1496 1767 1678 1813 tamen
1714 1751 2075 1833 non‘propter
2107 1776 2164 1820 15

255 1850 604 1922 asperitatem
657 1849 876 1918 doloris,
935 1850 1029 1903 sed
1083 1850 1227 1920 quod
1278 1850 1623 1920 longitudine
1671 1858 1834 1922 atque
1881 1850 2077 1904 duritie

253 1940 396 1993 inter
431 1939 674 1992 membra
715 1948 895 1992 cetera
930 1940 1036 1994 sint
1071 1941 1223 2012 ligno
1262 1941 1437 1994 crucis
1475 1941 1750 2010 similiora,
1785 1941 1863 1993 sic
1894 1942 2078 2014 appel-

252 2031 357 2082 lata
394 2037 534 2083 sunt.
568 2029 694 2082 inde
734 2029 802 2082 ad
838 2031 1153 2083 abusionem
1189 2039 1431 2099 uentum,
1468 2038 1527 2084 ut
1562 2038 1854 2106 usurpetur
1876 2049 2076 2105 nomen

253 2139 363 2174 non
400 2120 480 2174 rei
518 2120 707 2174 similis
749 2120 847 2174 sed
881 2120 1031 2190 quasi
1068 2120 1296 2174 uicinae.
1350 2120 1481 2190 quid
1519 2121 1664 2175 enim
1701 2121 1876 2175 simile
1913 2121 2085 2178 habet,

253 2210 572 2280 significatio
609 2212 765 2282 parui
803 2218 856 2264 et
895 2210 1105 2280 minuti,
1136 2230 1258 2264 cum
1290 2211 1460 2283 possit
1494 2228 1724 2285 paruum
1759 2229 1897 2281 esse,
1931 2211 2076 2284 quod
2106 2226 2164 2270 20

256 2379 535 2441 κατάχρησις
566 2387 637 2427 est
669 2384 909 2441 usurpatio
941 2385 1141 2429 nominis
1172 2386 1325 2441 alieni,
1367 2389 1420 2429 ut
1450 2381 1733 2442 parricidam
1763 2384 1970 2440 dicimus,
2003 2385 2082 2441 qui

262 2443 486 2488 occiderit
515 2443 708 2487 fratrem
743 2448 790 2487 et
820 2444 1045 2500 piscinam
1077 2459 1193 2500 quae
1225 2446 1376 2502 pisces
1410 2460 1503 2488 non
1535 2444 1687 2488 habet.
1721 2444 1833 2488 haec
1850 2444 1974 2487 enim
1993 2444 2083 2487 nisi

259 2503 548 2546 extrinsecus
580 2506 816 2546 sumerent
850 2517 980 2546 suum
1003 2505 1276 2548 uocabulum
1293 2519 1387 2548 non
1404 2504 1644 2548 haberent.
1677 2503 1808 2547 Char.
1809 2518 1868 2571 p
1885 2502 2078 2559 276,13:

259 2562 538 2619 antiphrasis
577 2565 648 2605 est
682 2562 824 2606 dictio
857 2577 914 2606 ex
946 2564 1179 2607 contrario
1222 2563 1498 2620 significans.
1557 2562 1669 2607 haec
1707 2563 1766 2607 ab
1804 2562 1956 2617 ironia
1984 2562 2079 2606 hoc

258 2620 428 2677 differt,
476 2620 600 2677 quod
631 2621 781 2665 ironia
815 2621 1001 2666 adfectu
1029 2626 1180 2667 mutat
1211 2621 1610 2680 significationem,
1647 2618 1953 2679 antiphrasis
1966 2631 2078 2666 uero

422 2790 449 2836 3
480 2781 699 2836 auditam
718 2788 823 2836 ΒΡ
842 2783 866 2853 ΙΙ
889 2790 1001 2836 sieis
1024 2789 1066 2838 O
1082 2783 1106 2853 Η
1131 2789 1327 2852 peperit
1345 2792 1395 2836 et
1412 2788 1573 2851 ipsum
1591 2790 1639 2837 P
1658 2782 1682 2854 ΙΙ
1708 2790 1736 2836 6
1757 2804 1983 2851 asperum
2005 2792 2080 2837 est

253 2916 361 2947 cum
380 2901 428 2948 P
445 2894 470 2964 Η
496 2888 616 2947 crslx
637 2900 688 2946 Β
711 2894 736 2963 Η
760 2900 789 2944 7
812 2899 1047 2947 adficiunt
1065 2901 1118 2947 D
1143 2864 1361 2946 efficiunt
1379 2900 1430 2947 Β
1455 2900 1672 2948 efficiunt
1688 2903 1737 2951 P
1755 2902 1779 2959 ΙΙ
1803 2884 2080 2949 sentiuntur

254 2985 379 3018 corr.
392 2972 447 3018 in
463 2970 737 3017 sentiantur
753 2970 804 3017 D
825 2969 1098 3015 sentiantur
1112 2970 1210 3017 BP
1230 2971 1253 3026 ΙΙ
1279 2971 1310 3015 8
1325 2986 1379 3016 re
1408 2972 1466 3018 ci.
1483 2970 1592 3019 Otto
1605 2972 1738 3020 Ialm
1761 2971 1785 3027 ΙΙ
1806 2970 1982 3018 leuiter
1997 2967 2081 3030 ΡΗ

258 3042 285 3087 9
326 3043 440 3100 post
470 3038 623 3087 uerba
659 3040 784 3087 duae
815 3039 920 3098 fere
958 3039 1153 3135 litterane
1182 3053 1351 3086 erasae
1385 3041 1439 3086 in
1473 3041 1524 3087 B
1555 3035 1580 3104 ΙΙ
1624 3042 1681 3087 11
1727 3041 2080 3088 concordarent

253 3144 489 3215 ΒΟΒΡΙΙ
518 3153 579 3198 12
616 3151 774 3213 ipsam
813 3151 855 3199 G
872 3144 896 3214 Η
920 3105 1153 3199 similitune
1156 3149 1450 3214 processisse
1486 3150 1527 3198 C
1544 3146 1569 3213 Η
1598 3152 1658 3198 15
1697 3152 1962 3201 concordat
1996 3152 2083 3200 GP

255 3222 573 3274 concordaret
591 3214 690 3286 ΒΗ
717 3223 779 3268 16
817 3220 1028 3267 duritiae
1061 3223 1109 3266 et
1142 3222 1271 3268 inter
1291 3220 1341 3267 Β
1377 3218 1587 3266 duritiae
1626 3224 1674 3266 et
1708 3223 1838 3270 inter
1873 3222 1959 3271 sed
1978 3236 2076 3282 pro

255 3297 304 3340 et
344 3295 488 3342 antea
523 3307 580 3338 ae
614 3293 852 3350 seriptum
882 3290 1033 3348 fluisse
1069 3291 1266 3338 uidetur
1303 3290 1356 3336 D
1394 3288 1576 3337 duritie
1617 3293 1666 3336 et
1698 3293 1827 3340 inter
1871 3290 1914 3341 0
1945 3290 2078 3342 duri

249 3364 348 3412 tiae
382 3362 511 3409 inter
547 3362 595 3409 P
613 3355 638 3424 ΙΙ
674 3362 736 3408 17
774 3361 929 3408 crucis
967 3375 1055 3408 om.
1095 3359 1289 3408 BODP
1319 3358 1434 3407 add.
1475 3359 1810 3410 Louanienses
1843 3353 1870 3424 ΙΙ
1910 3359 2077 3424 appel-

250 3435 354 3484 lata
388 3432 488 3480 sint
522 3429 666 3480 BGD
691 3431 716 3491 Η
741 3432 803 3477 18
841 3432 1043 3478 uentum
1081 3432 1155 3477 est
1189 3432 1246 3476 ut
1282 3429 1330 3477 P
1349 3421 1374 3491 ΙΙ
1395 3443 1571 3476 nomen
1604 3445 1701 3479 non
1737 3432 1839 3481 cod.
1870 3429 2074 3481 Cartha-

249 3507 419 3555 sianus
454 3502 840 3634 Loulclmiensium
873 3502 1036 3548 tamen
1067 3515 1162 3550 nou
1190 3498 1384 3549 BODP
1405 3491 1430 3564 Η
1457 3500 1518 3549 19
1556 3499 1643 3551 sed
1677 3515 1766 3550 om.
1788 3495 1883 3566 ΡΙΙ
1905 3501 1971 3547 20
1993 3514 2078 3562 pa-

250 3591 358 3626 rum
393 3571 537 3622 BOD
