2314 4056
1199 373 1299 420 204

1218 600 1271 650 V

249 762 305 812 79
473 750 646 802 Prosa
679 756 759 801 est
796 750 1060 819 producta
1098 751 1268 804 oratio
1307 770 1338 803 a
1374 752 1502 822 lege
1528 751 1686 803 metri
1713 751 1901 805 soluta.
1937 768 2157 823 prosum

337 839 480 892 enim
532 839 740 908 antiqui
794 839 1120 911 productum
1175 841 1428 893 dicebant
1484 850 1537 894 et
1592 848 1818 894 rectum.
1897 842 2051 896 unde-z
2086 843 2160 897 ait

333 928 527 995 Varro,
567 928 709 999 apud
731 926 982 981 Plautum
1019 930 1210 1000 ‘prosis
1247 930 1417 983 leetis'
1459 929 1754 1000 significari
1786 931 1969 985 rectis·
2015 932 2159 987 unde

338 1019 498 1070 etiam
537 1036 671 1089 quae
709 1036 820 1071 non
857 1026 938 1071 est
975 1019 1220 1089 perflexa
1256 1038 1482 1074 numero
1523 1020 1621 1073 sed
1658 1027 1808 1073 recta
1845 1039 2008 1093 prosa
2043 1040 2158 1075 ora-
2190 1029 2218 1074 5

336 1107 410 1159 tio
449 1106 662 1173 dicitur,
719 1107 776 1160 in
825 1115 1033 1161 rectum
1087 1109 1460 1180 producendo.
1497 1114 1504 1176 1
1537 1117 1823 1180 praetcrea
1867 1117 1976 1163 tam
2017 1111 2162 1183 apud

327 1215 554 1267 graecos
589 1216 758 1271 quam
797 1198 941 1268 apud
980 1198 1174 1271 latinos
1203 1200 1371 1269 longe
1395 1199 1757 1269 antiquiorem
1783 1219 1966 1253 curam
1991 1201 2160 1256 fuisse

334 1287 633 1340 carminum
675 1306 835 1357 quam
875 1305 1085 1360 prosae.
1159 1290 1338 1341 omnia
1379 1289 1519 1343 enim
1557 1289 1707 1361 prius
1746 1290 1997 1344 uersibus
2032 1296 2158 1345 eon-

336 1376 618 1444 debantur,
662 1395 856 1448 prosae
891 1384 1070 1430 autem
1110 1377 1347 1430 studium
1383 1397 1503 1431 sero
1539 1378 1734 1448 uiguit.
1775 1379 1983 1451 primus
2019 1379 2164 1452 apud

334 1484 558 1537 graecos
597 1466 948 1536 Pherecydes
995 1467 1169 1539 Syrus
1219 1468 1393 1520 soluta
1445 1469 1683 1521 oratione
1732 1470 1962 1540 scripsit,
2013 1469 2159 1540 apud
2191 1476 2247 1520 10

339 1574 590 1609 romanos
626 1564 809 1609 'autem
837 1557 1052 1628 Appius
1075 1557 1285 1611 Caecus
1323 1557 1581 1611 aduersus
1622 1559 1901 1628 Pyrrhum
1933 1559 2165 1612 solutam

342 1646 642 1699 orationem
694 1647 901 1718 primus
957 1648 1214 1699 exercuit.
1287 1647 1393 1699 iam
1431 1649 1558 1701 exin
1610 1649 1776 1701 ceteri
1826 1665 2020 1720 prosae
2058 1648 2166 1702 elo-

344 1734 563 1803 quentia
595 1734 1005 1788 contenderunt.

503 1907 574 1955 79.
636 1907 800 1954 Isidor.
835 1910 951 1967 orig.
983 1910 1006 1954 I
1036 1909 1407 1966 37,1:Pr0sa
1437 1913 1528 1955 est-
1560 1944 1570 1954 .
1605 1913 1918 1962 ..rectum
1947 1909 2164 1967 produ-

338 1968 539 2014 cendo.
614 1967 693 2011 alii
730 1983 915 2025 prosam
946 1969 1075 2013 aiunt
1107 1969 1278 2014 dictam
1310 1971 1368 2013 ab
1402 1983 1456 2013 eo
1491 1969 1614 2026 quod
1645 1969 1707 2012 sit
1737 1969 1939 2026 profusa,
1973 1969 2060 2024 ‘uel
2104 1966 2163 2014 ab

338 2042 392 2072 eo
435 2027 559 2084 quod
590 2027 837 2083 spatiosius
883 2031 1077 2084 promat
1122 2031 1169 2072 et
1212 2032 1427 2072 excurrat
1465 2029 1594 2072 nullo
1635 2027 1723 2072 sibi
1763 2027 1964 2072 termino
2001 2025 2164 2085 praefi·

336 2087 452 2131 nito.
516 2090 847 2143 praeterea
877 2091 1078 2132 tam..
1118 2121 1128 2130 .
1163 2087 1522 2144 eloquentia
1562 2086 2016 2132 contenderunt.

505 2273 534 2319 2
571 2271 766 2321 Isidori
815 2275 1023 2334 capituli
1068 2275 1185 2323 mihi
1218 2276 1419 2323 contulit
1467 2276 1646 2324 Vsener
1679 2274 1867 2324 codices
1889 2273 2165 2326 Beruenses

336 2342 423 2390 hos
442 2358 457 2389 .·
491 2339 542 2390 A
572 2356 642 2380 Ξ
682 2343 784 2391 cod.
805 2346 900 2392 101
940 2345 1078 2392 B=
1102 2344 1333 2393 eod.224
1370 2344 1411 2394 Ο
1438 2361 1495 2386 =
1520 2345 1623 2393 eod.
1645 2347 1713 2393 36
1747 2358 1871 2393 saec.
1898 2341 1950 2391 X
1982 2344 2062 2392 uel
2081 2343 2167 2393 XI

337 2412 390 2459 D
426 2427 482 2452 Ξ
521 2411 624 2459 eod.
652 2413 718 2460 95
751 2427 875 2461 saec.
914 2413 1038 2462 XII
1078 2412 1158 2462 uel
1197 2413 1353 2462 XIII
1396 2414 1639 2478 producta
1681 2427 1790 2473 sup.
1826 2413 1912 2460 lin.
1949 2412 2065 2460 add.
2101 2413 2163 2461 ab

338 2494 422 2542 alt.
457 2509 606 2543 manu
642 2495 696 2542 in
733 2492 783 2541 A
804 2489 829 2559 Η
853 2498 884 2544 4
923 2513 1043 2544 uaro
1080 2495 1130 2545 A
1152 2490 1177 2561 ΙΙ
1201 2488 1312 2545 letis
1346 2497 1398 2545 D
1422 2496 1447 2553 Η
1471 2495 1744 2557 significare
1783 2493 1887 2544 BD
1924 2493 1950 2552 11
1987 2495 2016 2543 5
2054 2508 2166 2566 per-

338 2605 465 2652 flexa
499 2602 602 2652 AB
633 2567 851 2666 perilexa
885 2604 926 2653 O
955 2603 1192 2668 perplexa
1224 2604 1276 2653 D
1313 2598 1337 2668 ΙΙ
1375 2606 1403 2650 6
1447 2604 1761 2667 producenda
1794 2604 1847 2652 D
1881 2597 1907 2667 ΙΙ
1939 2605 2166 2667 preterea

339 2676 391 2723 D
415 2677 439 2733 Η
465 2675 494 2721 7
532 2689 702 2735 grecos
741 2674 792 2723 A
824 2677 848 2733 ΙΙ
887 2678 1009 2738 aput
1043 2675 1221 2721 latinos
1259 2672 1308 2722 A
1332 2675 1356 2732 ΙΙ
1379 2673 1522 2769 lopge
1555 2675 1615 2722 ab
1652 2674 1737 2722 alt.
1771 2688 1834 2721 m.
1871 2674 1986 2722 add.
2026 2667 2163 2738 0118

339 2799 484 2849 prose
520 2782 621 2831 AB
653 2798 801 2844 prose
838 2783 879 2833 0
897 2779 920 2846 ΙΙ
945 2780 1084 2846 prius
1118 2783 1159 2832 O
1178 2778 1202 2846 Η
1226 2785 1525 2832 condebatur
1554 2782 1636 2840 011
1663 2785 1691 2830 9
1731 2799 1877 2846 prose
1914 2781 1997 2840 Gn
2019 2782 2163 2844 prim3

339 2852 389 2900 A
412 2847 436 2915 ΙΙ
459 2867 628 2912 grecos
668 2851 770 2900 AD
795 2854 819 2909 Η
847 2855 910 2898 10
943 2853 1177 2900 ferecides
1216 2852 1410 2902 ABC'D
1451 2848 1475 2916 ΙΙ
1515 2868 1656 2913 syrus
1692 2851 1796 2899 AD
1831 2852 1957 2899 sirus
1993 2850 2087 2900 BG
2135 2848 2164 2911 ΙΙ

340 2917 547 2969 oration*
566 2921 617 2968 B
639 2923 663 2978 ΙΙ
686 2925 812 2969 recte
830 2923 1069 2970 iudicauit
1080 2922 1258 2970 Vsener
1295 2937 1417 2982 quae
1450 2922 1590 2982 uolyo
1619 2921 1844 2981 lequntur
1870 2934 1978 2980 cap.
1996 2921 2165 2978 38,12

341 2990 584 3052 quondam
617 2991 780 3038 uerbis
804 2992 984 3039 nostris
1010 2991 1262 3049 adscripta
1276 2991 1442 3048 fuisse,
1463 3004 1621 3050 praue
1638 2989 1795 3038 relata
1820 2989 1887 3037 ad
1910 2985 2013 3049 §11
2039 2989 2167 3036 ‘ante

340 3058 710 3120 Pherecydem'3
733 3063 847 3107 sunt
864 3063 1021 3107 autem
1040 3060 1156 3107 haee
1173 3075 1189 3106 .·
1222 3059 1314 3106 hoc
1337 3058 1487 3120 (hunc
1501 3056 1620 3119 AB)
1643 3058 1777 3120 apud
1795 3073 1994 3118 graecos
2013 3057 2166 3104 Heca-

341 3131 479 3176 taeus
498 3129 717 3175 Milesius
736 3125 1032 3192 (achatesius
1058 3128 1272 3176 milesius
1291 3128 1340 3177 A
1375 3130 1613 3175 acatesius
1635 3127 1856 3174 melesius
1879 3127 1931 3175 B
1968 3124 2162 3174 acathes

340 3198 554 3245 milesius
571 3213 670 3246 ras.
693 3200 840 3246 trium
867 3198 1140 3246 litterarum
1151 3202 1267 3256 post
1284 3198 1479 3245 acathes
1493 3194 1564 3257 D)
1590 3197 1746 3244 fertur
1765 3197 1951 3258 primus
1989 3210 2166 3258 conpo-

342 3268 496 3315 suisse
531 3267 614 3315 uel
649 3270 706 3314 ut
741 3267 825 3314 alii
862 3270 1042 3330 putant
1076 3263 1351 3328 Phercydes
1368 3266 1518 3328 Syrus
1542 3265 1795 3328 (ferecides
1821 3266 1948 3311 sirus
1970 3257 2164 3332 ABD).

344 3337 403 3385 de
423 3336 465 3386 O
496 3340 618 3386 tacet
648 3337 827 3432 Vseneg}
850 3333 875 3402 ΙΙ
899 3336 1037 3398 apius
1064 3335 1105 3385 0
1123 3330 1148 3400 ΙΙ
1171 3352 1340 3384 caecus
1356 3334 1406 3384 A
1443 3351 1580 3383 cecus
1604 3335 1693 3384 OD
1718 3335 1839 3380 ocinus
1858 3331 1908 3381 B
1930 3335 1955 3392 11
1978 3335 2168 3396 pirrum

342 3445 539 3496 ABOD
563 3449 587 3504 ΙΙ
615 3450 677 3495 12
713 3448 849 3510 prius
888 3448 956 3495 M
986 3448 1069 3496 alt.
1104 3462 1167 3495 m.
1207 3447 1323 3495 add.
1345 3445 1394 3495 A
1427 3447 1564 3510 prius
1603 3444 1644 3494 G
1662 3438 1687 3508 ΙΙ
1709 3443 1883 3490 exhinc
1916 3444 1954 3488 ὣ
1988 3440 2165 3491 caeteri

341 3556 390 3606 A
426 3557 600 3606 exhinc
634 3560 672 3605 ἀ
702 3560 851 3606 ceteri
889 3557 1032 3608 BCD
1057 3552 1080 3623 Η
1101 3521 1221 3623 Ρὲεθ
1256 3557 1563 3619 aeloquentia
1583 3586 1591 3595 ·
1614 3554 1941 3604 condiderunt>
1972 3551 2014 3600 Ο
2031 3552 2056 3610 Η
