2314 4056
1179 305 1278 352 222

232 451 341 511 108*
466 446 573 516 Τὴν
609 444 732 516 ὅλην
769 446 1096 516 κατασκευὴν
1132 451 1224 499 τοῦ
1253 448 1616 517 περιζώματος
1656 448 1703 502 οἱ
1722 449 1918 502 Γάλλοι
1938 470 2134 520 καρτα-

309 534 494 605 μέραν,
530 534 591 605 ἣν
625 537 681 589 τὸ
723 541 924 606 πλῆθος
964 538 1302 604 καρτάλαμον
1338 540 1390 601 ἐξ
1431 538 1696 601 ἰδιωτείας
1730 539 1993 606 ὀνομάζει.
2051 537 2136 593 δ’τι

314 627 371 677 δὲ
409 624 468 676 οὗ
502 624 795 693 Ῥωμαικὸν
831 627 978 679 τουτὶ
1013 625 1066 678 τὸ
1108 625 1376 695 ῥημάτιον,
1413 628 1618 694 μάρτυς
1658 625 1686 679 ὅ
1719 624 2132 695 ῬωμαῖοςΒάρ-

314 735 420 782 ρων
458 717 511 768 ἐν
543 718 730 786 βιβλίῳ
754 718 968 786 πέμπτῳ
1009 715 1444 784 περίῬωμαικῆς
1474 719 1765 786 διαλέκτου,
1805 719 1859 769 ἐν
1899 708 1942 787 ᾧ
1981 719 2128 786 διαρ-

312 805 538 872 θροῦται
575 806 701 858 ποιά
737 804 835 871 μέν
871 825 947 866 τις
983 806 1116 867 λέξις
1152 805 1288 856 ἐστὶν
1330 805 1556 873 Αἰολικὴ
1603 807 1728 859 ποιά
1781 807 1837 858 δὲ
1876 806 2128 876 Γαλλική,
2161 824 2190 869 5

312 894 402 945 καί
440 890 520 945 ὅτι
555 889 705 961 ἑτέρα
746 894 842 958 μὲν
879 893 913 960 ἦ
955 894 1203 946 Θούσκων
1245 892 1374 963 ἄλλη
1417 896 1474 946 δὲ
1511 895 1860 964 Ἐτρούσκων,
1899 888 1971 948 ὧν
2011 884 2133 967 συγ·-

308 985 584 1047 χυθεισῶν
622 980 654 1049 ἦ
689 985 780 1034 νῦν
818 985 1085 1052 κρατοῦσα
1119 985 1222 1052 ταῖν
1254 983 1534 1051 Ῥωμαίων
1574 985 1899 1056 ἀπετελέσθη
1935 986 2100 1056 φωνή.

561 1267 682 1336 DE
737 1267 1341 1340 SIMILITVDINE
1395 1267 1886 1339 VERBORVM

1191 1485 1250 1537 H

222 1625 310 1675 109
451 1615 588 1669 ‘Pix‘
629 1614 977 1684 singulariter
1012 1613 1227 1682 dieitur,
1266 1622 1326 1667 ut
1362 1614 1435 1666 ait
1453 1614 1629 1667 Varro
1670 1613 1738 1667 de
1778 1613 2129 1668 similitudine
2162 1630 2218 1676 10

311 1707 605 1760 uerborum
644 1705 716 1758 II.

308 1839 521 1882 litteram
550 1850 644 1879 uox
673 1835 827 1878 media
856 1838 954 1878 tam
986 1835 1164 1902 graecis
1203 1835 1326 1878 desit
1356 1849 1494 1905 quam
1522 1835 1672 1888 nobis,
1705 1835 1773 1879 ita
1802 1836 1927 1879 inter
1954 1803 1998 1879 N
2025 1850 2136 1892 quo-

311 1913 400 1955 que
431 1899 479 1940 et
515 1896 553 1940 G
584 1895 761 1939 deesse.
817 1909 967 1950 neque
1001 1894 1124 1937 enim
1153 1896 1206 1936 ut
1237 1894 1309 1936 1111
1338 1890 1533 1951 ἄγγελον
1563 1897 1611 1938 et
1645 1890 1843 1951 ἀγκύλην
1882 1897 1930 1938 et
1967 1894 2136 1938 similia

311 1959 409 2001 siue
439 1970 524 2012 per
554 1961 603 1998 N
630 1955 730 1998 siue
760 1969 846 2010 per
877 1959 918 1996 Γ
945 1954 1218 2009 scripserint
1247 1954 1526 1998 alterutram
1555 1954 1604 1996 in
1633 1952 1980 2022 pronuntiando
2009 1953 2135 1997 litte-

309 2031 412 2060 ram
442 2015 725 2071 exprimunt,
771 2027 858 2056 nee
904 2027 989 2056 nos
1032 2013 1324 2080 supradictas
1361 2028 1498 2056 uoces
1534 2014 1631 2056 siue
1662 2028 1748 2069 per
1777 2013 1819 2057 N
1850 2014 1950 2056 siue
1977 2026 2063 2068 per
2094 2012 2134 2056 G

311 2076 583 2126 scribamus,
626 2073 818 2130 proprie
850 2076 931 2115 aut
961 2072 1004 2115 N
1037 2072 1337 2128 exprimimus
1369 2073 1418 2115 in
1449 2072 1644 2116 dicendo
1676 2075 1758 2115 aut
1789 2072 1842 2116 G.
1874 2086 1991 2128 quae
2025 2085 2134 2124 uox,

311 2135 530 2191 quoniam
566 2133 721 2176 ordini
750 2132 1018 2174 litterarum
1033 2134 1303 2174 nostrarum
1326 2132 1458 2175 deest
1476 2135 1523 2175 et
1541 2131 1814 2176 familiarior
1844 2134 1917 2175 est
1947 2131 2136 2174 auribus

309 2194 483 2238 nostris
512 2192 553 2235 N
583 2192 741 2248 potius
776 2205 914 2247 quam
949 2190 1001 2243 G,
1034 2194 1081 2234 et
1113 2205 1280 2246 anceps
1313 2194 1360 2234 et
1389 2191 1557 2234 ancilla
1600 2194 1647 2234 et
1688 2191 1866 2247 angitia
1905 2192 1954 2233 et
1994 2203 2137 2246 angu-

311 2257 436 2297 stum
470 2255 517 2295 et
547 2252 752 2306 anquirit
781 2253 829 2294 et
863 2264 1031 2293 ancora
1062 2251 1109 2292 et
1141 2250 1308 2293 similia
1325 2250 1643 2306 peerotius
1678 2264 1818 2305 quam
1847 2263 1934 2306 per
1953 2249 1992 2293 G
2024 2248 2135 2292 seri-

309 2313 423 2365 bite,
457 2311 578 2354 sieut
612 2325 698 2367 per
728 2309 819 2353 duo
853 2310 905 2362 G,
948 2311 1162 2365 quotiens
1199 2310 1398 2352 duorum
1429 2309 1468 2352 G
1499 2323 1664 2353 sonum
1694 2323 1830 2352 aures
1864 2307 2053 2366 exigent
2082 2310 2136 2351 ut

311 2384 533 2430 aggerem
577 2368 801 2427 suggillat
845 2369 1194 2426 suggerendum
1238 2371 1511 2426 suggestum
1554 2371 1602 2412 et
1649 2368 1830 2411 similia.
1892 2373 1950 2425 cs.
1979 2366 2003 2410 I
2031 2369 2073 2419 4,
2108 2369 2138 2410 4

316 2446 361 2488 p.
381 2432 512 2475 2456.
565 2431 606 2482 4,
640 2432 698 2472 54
716 2446 776 2486 sq.
813 2443 860 2484 p.
874 2431 1004 2472 2461.

481 2491 578 2532 108.
640 2488 767 2531 Ioan.
801 2487 918 2542 Lyd.
957 2488 1014 2531 de
1044 2486 1256 2557 magistr.
1286 2485 1331 2528 ΙΙ
1352 2488 1404 2529 13
1436 2501 1481 2541 p.
1508 2487 1591 2529 179
1614 2484 1786 2528 Bekk.:
1821 2478 2017 2539 Τοιαύτη
2046 2482 2138 2552 μὲν

311 2548 336 2601 ἡ
366 2545 556 2606 χλαμύς,
586 2542 862 2618 παραγώδης
894 2547 944 2590 δὲ
971 2545 1115 2618 χιτὼν
1148 2540 1499 2603 καταπόοφυρος
1531 2548 1608 2587 καὶ
1641 2542 1810 2602 ζωστὴρ
1844 2545 1894 2587 ἑκ
1928 2542 2138 2612 φοινικοῦ

315 2609 552 2677 δέρματος,
588 2608 664 2666 ἐφ’
695 2604 855 2650 ἑαυτὸν
868 2606 973 2678 μὲν
1002 2604 1430 2662 ἆι-ακεκολληιιένος,
1467 2605 1513 2652 ἐξ
1543 2598 1694 2660 ἄκρων
1725 2604 1778 2646 δὲ
1810 2604 1901 2648 τῶν
1931 2603 2138 2673 πλευρῶν

311 2669 374 2715 εἰς
411 2664 577 2720 λεπτὴν
621 2664 917 2724 καταρραφὴν
951 2666 1330 2740 ἐσπουδασμένος
1369 2667 1445 2706 καὶ
1475 2665 1742 2717 σεληνισκον
1769 2662 1860 2722 μὲν
1888 2664 2010 2720 ἔχων
2037 2659 2137 2706 τινὰ

311 2727 358 2775 ἐξ
402 2722 646 2795 εὐωνύμων
681 2727 841 2783 χρυσῷ
884 2728 1215 2782 πεποιημένον,
1266 2725 1315 2767 ἐκ
1361 2723 1412 2766 δὲ
1456 2723 1532 2776 τῆς
1572 2723 1725 2779 ἑτέρας
1763 2722 1998 2778 γλωσσίδα
2038 2717 2138 2765 τινὰ

309 2781 466 2855 ἤγουν
468 2781 723 2854 διάβλημα,
751 2785 1021 2854 χρυσοτελὲς
1051 2788 1125 2827 καὶ
1155 2780 1278 2837 αὐτὸ,
1325 2785 1387 2830 εἰς
1416 2777 1601 2839 βότρυος
1632 2783 1790 2851 σχῆμα
1820 2784 2139 2839 πεποιημένον

313 2873 324 2887 .
359 2879 367 2887 .
406 2876 416 2887 .
441 2841 564 2912 ὅπερ
613 2840 840 2912 διάβλημα
881 2840 974 2885 ἀπὸ
1022 2844 1167 2891 δεξίας
1207 2836 1470 2911 ᾳεσόμενον
1509 2845 1584 2883 καὶ
1626 2841 1703 2883 ἐπὶ
1744 2837 1826 2883 τὸν
1869 2841 2137 2908 σεληνίσκον

312 2898 598 2961 βαλλόμενον
630 2898 896 2953 διαζώινυσι
926 2902 1007 2946 τὸν
1035 2905 1390 2970 περιτιθεμενον
1413 2897 1657 2969 ἀσφαΙῶς,
1678 2893 1873 2966 περόνης
1900 2901 1975 2941 καὶ
2004 2893 2136 2951 αὐτῆς

308 2965 481 3019 χρυσῆς
514 2956 839 3015 ἐνδακνούσης
849 2959 930 3003 τὸν
962 2956 1128 3018 ἱμάΠα
1161 2963 1237 3001 καὶ
1269 2956 1583 3012 συναπτούσης
1615 2955 1696 3000 τὸν
1722 2953 1886 3028 βότρυν
1912 2958 1976 3013 τῷ
2007 2958 2136 3011 σελη-

311 3025 468 3077 νίσκῳ.
537 3023 762 3090 φίβουλαν
791 3016 928 3073 αὐτὴν
959 3023 1157 3088 πατρίως
1187 3020 1230 3060 οἵ
1256 3015 1470 3076 Ρωμαῖοι
1501 3020 1576 3059 καὶ
1608 3010 1796 3083 βᾴλτεον
1822 3014 1903 3061 τὸν
1936 3016 2134 3074 ζωστῆρα

313 3083 514 3136 λέγουσι.
576 3077 675 3135 τὴν
706 3080 758 3122 δὲ
790 3075 926 3132 ὅλην
959 3074 1457 3130 ...ἀπετελέσθη
1489 3071 1667 3134 φωνή.

488 3141 586 3183 109.
649 3139 783 3182 Char.
804 3140 874 3189 91,
893 3140 970 3180 26:
1004 3136 1105 3179 Pix
1137 3135 1542 3192 singulariter
1575 3168 1584 3177 .
1621 3168 1630 3177 .
1663 3167 1672 3176 .
1704 3133 2030 3177 uerborum
2062 3131 2130 3185 II,

313 3198 524 3253 quamuis
554 3197 790 3255 Vergilius
821 3196 991 3240 dixerit
1027 3195 1299 3252 (qeor9.111
1330 3194 1460 3252 450);
1509 3194 1769 3248 ‘idaeasque
1798 3192 1924 3248 pices
1956 3194 2004 3235 et
2034 3191 2134 3248 pin-

311 3270 424 3313 gues
457 3257 661 3315 unguine
693 3257 853 3301 ceras’.
888 3270 1081 3312 gramm.
1113 3254 1202 3298 1110.
1237 3253 1294 3297 de
1326 3253 1534 3311 generib.
1553 3267 1676 3297 nom.
1695 3253 1779 3295 265
1813 3265 1859 3308 p.
1876 3254 1933 3296 93
1962 3250 2134 3307 Haupt.

310 3330 356 3372 p.
378 3318 434 3360 49
463 3318 598 3362 Otto:
627 3316 722 3374 pix,
757 3330 860 3372 gen.
887 3314 1010 3368 fem„
1046 3317 1100 3357 ut
1133 3313 1307 3359 Varro:
1342 3313 1590 3369 idaeasque
1619 3311 1777 3369 pices’.

311 3516 392 3568 Oti
456 3518 495 3566 Ι
481 3438 841 3576 ΙῇῥιΙζΙώματος
881 3448 1162 3498 Caseolinus
1196 3462 1322 3496 corr.
1362 3446 1571 3494 Fussius
1609 3445 1634 3503 ΙΙ
1678 3445 1706 3491 6
1744 3433 1778 3502 ἧ
1811 3442 1963 3490 deleri
1995 3441 2134 3490 iubet

393 3532 419 3566 o
491 3532 521 3566 a
554 3533 588 3567 n
