2366 4048
1038 306 1101 351 73

157 453 438 507 Victorino
475 452 763 506 maximam
798 458 1008 523 partem
1049 459 1306 522 excerpto
1346 451 1653 504 Varronem
1693 451 1761 504 de
1805 470 1987 504 nume·

155 544 235 598 ris
266 543 546 615 scripsisse
586 551 811 596 testatur
850 543 937 607 (fr.
967 542 1078 611 78),
1120 543 1263 614 quod
1288 541 1341 594 in
1375 542 1470 595 illo
1513 543 1775 614 opusculo
1817 550 1869 594 et
1907 559 1986 594 re-

153 652 275 687 rum
306 652 518 687 conexu
557 633 623 685 dc
659 651 851 705 prosae
891 639 1099 685 tantum
1135 631 1374 686 numeris
1411 631 1584 701 accipi
1625 639 1819 702 potest.
1881 633 1986 686 Ru-

155 723 325 778 finum
362 732 742 795 excerptorem
782 722 1000 794 quidem
1039 721 1585 791 neglegentissimum
1627 730 1682 774 et
1714 722 1989 794 stupidum

155 834 277 869 cum
314 814 464 868 libris
501 815 699 868 nostris
739 815 830 866 uel
869 814 1046 884 ipsum
1081 813 1170 865 uel
1218 811 1363 882 quod
1421 813 1593 882 magis
1646 814 1823 884 placet
1872 812 1988 866 aliis

155 905 618 960 intercedentibus
656 924 812 958 usum
850 923 966 958 esse
1006 904 1305 958 uiderimus
1344 903 1409 956 ad
1452 904 1670 957 eosdem
1703 904 1804 956 hoc
1842 903 1988 956 testi-

155 997 392 1050 monium
431 1003 673 1067 spectare
713 995 1046 1065 existim0.¹)
1123 997 1266 1067 quod
1321 997 1550 1049 fortasse
1599 995 1781 1067 aliquo
1824 994 1984 1048 modo

154 1087 821 1142 Diomedis'confirmatur
859 1087 1174 1140 auctoritate
1211 1086 1301 1156 qui
1332 1087 1388 1139 in
1424 1086 1546 1140 libri
1571 1087 1792 1140 secundi
1812 1086 1986 1157 capite

156 1178 223 1231 de
263 1177 652 1249 conpositione,
694 1176 937 1246 quamuis
973 1177 1047 1229 ibi
1088 1184 1399 1230 constanter
1420 1176 1699 1231 Ciceronis
1737 1184 1791 1229 et
1815 1177 1984 1244 Quin-

154 1267 324 1320 tiliani
362 1268 529 1321 libros
573 1266 870 1320 rhetoricos
905 1266 1180 1336 adhibeat,
1225 1269 1359 1320 haec
1407 1268 1596 1320 scribit
1635 1270 1712 1338 (p.
1745 1268 1867 1337 465,
1899 1269 1986 1335 1):

153 1358 297 1412 ‘nam
327 1365 628 1411 structurae
668 1357 973 1410 obseruatio
1011 1358 1265 1429 bipartita
1298 1366 1402 1411 tam
1435 1358 1502 1411 ad
1525 1358 1782 1412 oratorias
1820 1358 1987 1411 uirtu-

154 1457 234 1503 tes
269 1466 430 1518 quam
467 1448 535 1502 ad
568 1457 751 1519 partes
792 1449 1169 1519 grammaticas
1207 1449 1460 1521 pertinet-
1504 1458 1556 1502 et
1585 1451 1812 1502 alterum
1845 1432 1987 1520 quod

153 1541 222 1594 ab
259 1558 464 1612 genere
506 1540 778 1593 rhetorico
815 1540 1044 1593 trahitur
1086 1540 1226 1594 trina
1264 1541 1474 1594 ratione
1513 1540 1791 1611 colligitur
1830 1549 1884 1593 et
1911 1547 1992 1592 est

154 1632 387 1706 primum
423 1631 669 1700 incisum,
731 1632 834 1684 hoc
887 1632 1071 1702 graeci
1113 1651 1324 1685 comma
1364 1632 1676 1699 nominaut3
1739 1651 1807 1685 ex
1847 1650 1988 1684 com·

155 1723 387 1779 matibus
425 1723 548 1790 [hoc
585 1731 665 1776 est
702 1723 906 1790 incisis]
948 1726 1249 1777 membrum
1288 1724 1366 1792 fit,
1408 1724 1553 1794 quod
1585 1723 1664 1776 illi
1704 1724 1860 1776 colon
1900 1743 1988 1795 ap-

154 1815 388 1888 pellant3
445 1833 513 1868 ex
567 1814 918 1869 commatibus
977 1822 1031 1867 et
1086 1815 1222 1867 colis
1260 1814 1518 1886 periodus
1560 1822 1787 1881 constat,
1827 1833 1986 1885 quam

151 1906 322 1960 nostri
365 1906 890 1979 conprehensionem
931 1905 1132 1959 dicunt..
1208 1907 1438 1958 alterum
1479 1905 1546 1958 ad
1583 1903 1821 1958 officium
1859 1903 1987 1956 artis

151 1998 538 2068 grammaticae
574 1999 812 2050 refertur
848 1998 952 2049 hoc
987 2006 1066 2051 est
1109 1997 1175 2048 ad
1214 1996 1406 2069 pedes,
1444 1996 1486 2049 si
1519 1996 1738 2066 quidem
1774 1995 1986 2048 adsumss

152 2096 244 2159 pta
274 2089 475 2160 pedum
506 2089 743 2159 imagine
781 2089 954 2142 omnis
979 2087 1236 2141 orationis
1263 2088 1504 2140 clausula
1530 2087 1779 2154 struitur3
1821 2105 1985 2158 quare

102 2174 111 2181 ⁵
155 2178 326 2250 (quod
362 2179 526 2248 codd.)
566 2198 740 2250 genus
783 2180 886 2233 hoc
924 2178 1098 2248 possis
1146 2177 1574 2247 grammaticum,
1622 2177 1757 2230 illud
1809 2177 1986 2230 rheto-

154 2269 324 2323 ricum
362 2271 534 2340 magis
570 2269 784 2323 dicere.'

319 2362 501 2431 Pergo
555 2361 623 2414 ad
674 2360 924 2415 librum
970 2361 1306 2431 quintum.
1365 2361 1472 2413 huc
1515 2359 1863 2413 referendum
1905 2367 1985 2412 est

154 2458 290 2505 teste
324 2452 589 2522 Romarm,
644 2453 728 2506 cui
769 2453 950 2506 omnia
991 2453 1187 2506 horum
1224 2452 1490 2505 librorum
1531 2453 1760 2504 frustula
1801 2449 1986 2503 Chari-

154 2541 262 2595 sius
300 2541 479 2608 debet,
529 2545 893 2615 fragmentum
935 2544 1001 2597 de
1037 2544 1419 2598 interiectione
1458 2546 1545 2611 (fr.
1587 2543 1697 2612 81),
1760 2542 1826 2595 de
1881 2560 1986 2610 quo

153 2631 353 2703 optime
394 2632 757 2705 disputantem
807 2635 933 2688 audi
970 2634 1228 2689 Ottonem
1266 2635 1406 2688 Iahn
1460 2635 1513 2687 in
1552 2634 1986 2687 conmentationc

152 2724 322 2778 ueber
359 2725 447 2778 die
466 2727 866 2780 kunsturtheile
886 2727 974 2780 bci
999 2726 1207 2780 Plinius
1229 2729 1366 2795 (ber.
1390 2726 1440 2781 d.
1462 2727 1666 2781 saechs.
1693 2726 1985 2796 gesellsch.

152 2814 204 2867 d.
241 2815 383 2868 wiss.
418 2815 475 2868 II
514 2816 650 2870 1850
687 2836 739 2888 p.
775 2818 924 2884 114):
950 2825 954 2828 ’
979 2817 1090 2870 ‘das
1145 2817 1512 2886 ungcschickt
1548 2816 1900 2869 wiederholte
1935 2826 1989 2870 ut

151 2912 222 2958 ait
248 2912 422 2969 Varro,
459 2914 619 2973 inquit
650 2914 805 2962 Varro
846 2908 1087 2977 beweist‚
1122 2909 1243 2962 dass
1288 2908 1389 2960 wir
1428 2927 1482 2961 es
1524 2908 1643 2961 hier
1673 2907 1768 2959 mit
1807 2907 1985 2960 einem

153 3005 377 3069 excerpt
427 3017 492 3050 zu
528 2999 662 3054 thun
700 3000 895 3068 haben,
950 3001 1189 3053 welches
1230 3021 1324 3054 aus
1366 3000 1516 3052 einer
1550 3000 1817 3069 laengern
1871 3018 1984 3051 aus-
2046 3040 2048 3042 v

151 3086 643 3160 einandcrsetzung
692 3090 778 3145 dic
827 3091 1202 3163 hauptpunktc
1243 3092 1823 3160 zusammengerueckt
1878 3090 1984 3158 hat,

282 3343 283 3346 η
319 3312 360 3368 1)
391 3312 466 3356 Ad
497 3313 844 3369 disciplinarum
882 3315 1052 3359 librum
1088 3315 1144 3359 de
1188 3315 1421 3359 rhetorica
1469 3315 1624 3358 Rufini
1669 3313 1984 3357 testimonium

112 3449 119 3454 .
150 3391 293 3436 refert
320 3387 599 3438 Ritschelius
630 3395 659 3438 l.
678 3395 706 3438 l.
743 3410 787 3451 p.
807 3396 878 3449 33,
913 3396 962 3438 in
995 3411 1086 3451 quo
1119 3410 1394 3451 quamquam
1429 3396 1590 3439 eadem
1618 3408 1692 3437 res
1724 3393 1883 3449 paucis
1915 3408 1982 3435 re-

150 3470 343 3514 tractari
385 3473 551 3528 potuit,
605 3478 760 3517 tamen
803 3474 960 3518 nescio
1004 3489 1062 3517 an
1113 3474 1440 3531 interpretatio
1491 3488 1592 3516 mea
1637 3471 1981 3528 probabilitatis

151 3549 348 3605 quadam
383 3551 536 3607 specie
568 3554 918 3597 conmendetur.
