2236 4030
1173 293 1237 339 26

282 457 415 502 seo.
454 441 607 493 nihili
643 441 699 493 in
736 440 836 492 hac
869 457 929 492 re
967 448 1066 508 est,
1105 438 1248 510 quod
1288 438 1356 490 ad
1395 438 1825 510 conpositionem
1861 458 1970 492 non
1990 456 2123 492 sem·
2211 479 2216 482 ⁴

299 548 398 602 per
432 530 690 602 respexit,
728 537 788 584 ut
806 529 890 583 VI
907 529 976 582 43
997 549 1050 602 p.
1071 530 1172 583 222
1212 537 1423 597 coqitare
1456 551 1489 584 a
1528 536 1736 598 coyendo
1762 537 1956 594 dictum,
1994 550 2126 586 mens

299 626 448 688 plura
483 628 535 676 in
568 642 718 675 unum
753 628 890 688 coqu,
929 627 1057 675 unde
1093 627 1268 687 eliyere
1307 627 1473 686 possit.
1503 628 1574 674 sic
1594 641 1652 674 ex
1676 627 1947 675 hominibus
1971 629 2125 676 contio
2217 629 2221 634 ’

298 717 444 774 dicta,
478 719 549 767 sic
584 719 831 778 coempti0‚
868 720 937 766 sic
972 717 1232 776 compitum
1264 718 1579 765 nominatum.
1629 731 1660 765 a
1696 719 1982 778 coqitatione
2018 732 2125 767 con-

297 808 474 866 cilium,
510 810 625 857 inde
661 809 926 857 consilium.
979 820 1103 853 nam
1130 801 1323 854 horum
1361 809 1668 874 temporum
1699 802 2034 872 grammatici
2074 803 2124 857 ei

297 901 467 962 erant,
511 893 600 964 qui
637 892 877 946 nondum
917 911 1076 945 usum
1127 910 1343 964 semper
1393 892 1461 944 ad
1507 900 1680 945 artem
1715 892 1954 964 dirigere
1990 893 2124 947 didi-

298 983 495 1037 cissent
533 1000 868 1054 quorumque
909 1002 994 1035 ars
1033 982 1150 1054 ipsa
1185 982 1331 1035 haud
1370 1001 1495 1036 sane
1534 983 1771 1055 perfecta
1807 992 1964 1038 esset.

459 1072 658 1126 Altera
694 1073 884 1141 triade,
936 1091 1070 1142 quae
1107 1081 1320 1126 seruata
1363 1081 1459 1141 est,
1506 1073 1592 1126 ‘de
1629 1075 1919 1128 uerborum
1960 1075 2122 1146 origi-

295 1163 468 1217 nibus'
510 1163 708 1234 agitur,
761 1164 936 1235 primo
977 1164 1115 1217 libro
1156 1164 1294 1234 (VII
1329 1165 1428 1216 110
1463 1184 1515 1236 Ρ.
1545 1164 1669 1234 389)
1729 1165 1796 1218 de
1850 1166 2125 1219 uocabulis

295 1254 559 1307 ‘locorum
599 1262 652 1307 et
686 1272 869 1308 earum
895 1271 1079 1307 rerum
1103 1273 1237 1327 quae
1263 1255 1319 1307 in
1338 1255 1472 1308 locis
1496 1272 1612 1308 esse
1633 1255 1846 1323 solent’,
1884 1255 2124 1310 secundo

295 1345 507 1415 ‘quibus
545 1345 826 1398 uocabulis
867 1352 1111 1417 tempora
1147 1345 1254 1398 sint
1286 1352 1464 1398 notata
1507 1352 1560 1397 et
1611 1362 1706 1398 eac
1757 1363 1845 1399 res
1899 1365 2034 1419 quae
2071 1347 2127 1400 in

296 1437 627 1509 temporibus
670 1436 840 1503 fiunt’,
891 1435 1053 1488 tertio
1101 1435 1172 1488 ‘in
1216 1455 1320 1506 quo
1371 1456 1402 1487 a
1443 1432 1626 1508 poetis*
1668 1443 1880 1509 sumpta
1925 1444 1985 1490 ut
2028 1437 2122 1491 illa

297 1526 411 1580 dixi
449 1527 505 1579 in
541 1526 749 1580 duobus
786 1527 939 1580 libris
979 1526 1046 1579 de
1083 1530 1192 1593 (om.
1229 1527 1316 1590 F.)
1366 1527 1541 1580 soluta
1586 1526 1860 1580 oratione‘.
1939 1527 2006 1580 de
2045 1527 2127 1581 his

297 1617 543 1690 pluribus
583 1617 855 1688 disputare
892 1636 1003 1670 non
1030 1617 1205 1688 magis
1228 1617 1387 1670 huius
1414 1618 1520 1671 loci
1549 1625 1646 1686 est,
1682 1635 1840 1688 quam
1867 1618 1935 1671 de
1954 1618 2128 1690 prima
2205 1654 2207 1656 -

298 1707 470 1761 triade
520 1708 741 1761 alterius
790 1708 1017 1761 hexadis
1080 1708 1148 1760 de
1202 1708 1650 1762 declinationibus
1702 1708 1932 1780 scripta,
1991 1726 2126 1778 quae

295 1798 429 1851 item
465 1805 629 1867 extat,
669 1798 818 1851 cuius
851 1798 990 1851 libro
1033 1798 1207 1870 primo
1247 1798 1498 1870 exposuit
1534 1799 1691 1870 ‘quae
1729 1805 1915 1852 contra
1944 1798 2124 1851 simili-

297 1889 542 1942 tudinem
580 1889 1003 1942 declinationum
1044 1889 1324 1957 dicantur'‚
1374 1890 1543 1942 altero
1597 1907 1735 1958 quae
1778 1888 1983 1943 ‘contra
2023 1888 2126 1942 dis-

297 1979 742 2049 similitudinem’,
795 1979 957 2032 tertio
1007 1980 1093 2033 ‘de
1149 1980 1561 2033 similitudinum
1615 1980 1800 2033 forma'
1852 1979 2026 2049 (VIII
2057 1979 2126 2031 24

295 2091 347 2144 p.
371 2071 513 2139 409),
555 2088 690 2140 quae
745 2070 935 2124 diuisio
985 2089 1109 2123 cum
1158 2071 1499 2143 dispositioni
1547 2070 1813 2124 librorum
1853 2069 2128 2125 II-——IIII

294 2181 517 2234 prorsus
551 2162 880 2234 respondeat
917 2161 1051 2228 (VII
1093 2161 1190 2214 109
1229 2181 1281 2234 p.
1310 2161 1452 2229 389),
1493 2161 1599 2214 iam
1635 2161 1724 2213 hic
1760 2166 2126 2232 expectamuS,

294 2252 519 2306 alteram
541 2252 584 2318 1)
621 2251 850 2304 triadem
882 2251 1077 2305 eodem
1113 2251 1275 2304 modo
1312 2251 1459 2304 illius
1493 2250 1723 2304 hexadis
1754 2249 1916 2303 triadi
1940 2269 2125 2304 secun·
2204 2266 2210 2273 ·

297 2343 398 2397 dae
436 2343 801 2414 respondisse,
839 2351 896 2396 ut
933 2343 1140 2414 primus
1171 2342 1310 2396 liber
1329 2342 1609 2410 uocabula,
1648 2342 1784 2395 alter
1806 2342 1972 2396 uerba
1991 2349 2126 2395 tem-

297 2434 520 2507 poralia,
559 2433 747 2487 tertius
783 2439 1066 2504 poetarum
1104 2450 1260 2485 usum
1301 2430 1595 2499 contineat,
1651 2430 1796 2502 quod
1841 2430 2128 2483 confirma-

295 2525 439 2579 bitur
477 2525 521 2578 si
558 2525 798 2579 diuersas
838 2523 1093 2576 orationis
1141 2522 1436 2576 diuisiones
1486 2542 1516 2574 a
1559 2522 1826 2593 scriptore
1876 2522 1933 2575 in
1988 2521 2127 2576 libro

301 2617 528 2686 decimO‚
568 2635 672 2689 quo
708 2634 860 2668 suam
888 2614 956 2667 de
994 2614 1245 2685 analogia
1281 2614 1606 2668 sententiam
1642 2613 1897 2686 explicat,
1932 2631 2127 2686 propo-

295 2707 425 2762 sitas
455 2705 985 2760 :examinauerimus
1045 2705 1181 2759 duae
1230 2705 1374 2758 enim
1424 2712 1548 2758 sunt
1606 2722 1741 2777 quae
1792 2705 1850 2758 in
1907 2722 2127 2758 censum

295 2797 523 2852 ueniunt
542 2796 603 2867 2).
654 2796 850 2868 prioris
886 2796 988 2850 hae
1025 2803 1206 2867 partes
1247 2803 1372 2849 sunt
1411 2796 1488 2864 (X
1511 2795 1576 2849 15
1602 2813 1658 2866 p.
1681 2794 1802 2848 552.
1840 2795 1904 2849 51
1937 2814 1988 2867 p.
2008 2794 2128 2847 574.

462 3047 505 3103 1)
538 3047 685 3092 Recte
716 3048 834 3092 uidit
870 3048 920 3092 O.
951 3048 1148 3092 Mueller
1177 3047 1322 3105 praef.
1349 3063 1394 3106 p.
1412 3048 1466 3104 L,
1499 3049 1559 3093 ad
1591 3048 1676 3092 hos
1706 3046 1852 3092 libros
1883 3044 2130 3090 referenda

295 3143 409 3184 esse,
445 3141 562 3185 quae
592 3128 664 3172 ‘de
697 3128 830 3185 copia
858 3128 1125 3172 uerborum'
1156 3129 1305 3173 V1112
1332 3144 1379 3186 p.
1400 3128 1500 3172 392.
1544 3128 1602 3172 20
1629 3143 1674 3185 p.
1695 3126 1800 3182 406)
1832 3126 1979 3170 Varro
2021 3139 2127 3183 pro-

296 3209 457 3263 mittit,
497 3208 772 3265 eosdemque
818 3208 1012 3252 iudicari
1054 3208 1201 3253 ‘libris
1238 3209 1317 3265 qui
1352 3209 1408 3253 de
1440 3208 1647 3252 formulis
1683 3208 1934 3252 uerborum
1971 3206 2125 3250 erunt’

296 3289 358 3343 (X
382 3288 440 3333 33
471 3304 518 3346 p.
542 3288 649 3345 536)
697 3289 820 3345 quod
865 3289 1059 3332 alterum
1101 3289 1418 3333 testimonium
1450 3289 1511 3332 M.
1547 3289 1691 3332 Hertz
1739 3286 1977 3344 (philolog.
2012 3286 2125 3331 klin.

295 3367 518 3425 streifzug
547 3383 591 3426 p.
614 3367 690 3425 31)
729 3367 786 3411 de
820 3367 951 3411 libris
982 3367 1255 3413 xx—XXV
1296 3369 1509 3425 accipere
1554 3367 1731 3422 maluit,
1778 3379 2051 3422 quamquam
2100 3379 2125 3409 e

296 3449 545 3494 uerborum
576 3451 795 3494 contextu
821 3447 889 3493 ibi
920 3447 977 3492 de
1009 3448 1395 3494 declinationibus
1429 3450 1584 3493 actum
1612 3446 1671 3491 iri
1699 3446 1998 3505 intellegitur.

462 3528 507 3585 2)
541 3528 761 3585 Reliquae
809 3531 917 3572 sunt
962 3527 1069 3571 hae:
1118 3529 1263 3572 uerba
1301 3543 1417 3584 quae
1458 3527 1748 3571 declinantur
1797 3529 1843 3571 et
1885 3541 2001 3583 quac
2029 3540 2121 3571 non
