2358 4016
1320 313 1384 358 48

438 468 561 513 enim
597 479 694 511 non
726 466 884 522 potest
916 464 970 509 in
1006 476 1100 508 uno
1136 462 1323 508 homine
1362 475 1460 508 esse
1495 461 1594 508 solo
1630 461 1715 507 sed
1750 462 1832 508 ubi
1864 464 2020 510 oratio
2057 477 2164 510 cum
2184 462 2255 508 al-

437 558 535 602 tero
572 555 855 609 commetat,-
892 546 961 598 cf.
984 545 1178 598 Isidor.
1204 545 1270 596 de
1292 544 1406 596 diff.
1432 545 1581 595 uerb.
1605 543 1722 595 578.
1760 562 1863 612 qua
1896 545 2254 616 explicatione

438 657 557 690 cum
581 637 871 690 doceamur
892 637 1066 706 ipsum
1086 635 1235 704 loqui
1254 635 1343 686 uel
1367 633 1518 685 effari
1539 633 1594 684 in
1615 635 1875 687 sermonis
1897 635 2116 687 notione
2137 653 2256 687 con-

438 729 762 799 prehensum
807 744 938 795 esse,
973 726 1119 777 idem
1156 725 1383 776 aliorum
1420 723 1743 795 scriptorum
1770 724 2099 777 consuetudo
2132 743 2255 777 con-

436 815 629 881 firmat,
664 811 982 883 praesertim
1024 810 1301 864 Ciceronis
1340 807 1483 879 apud
1517 826 1677 877 quem
1718 827 1893 861 sermo
1932 827 2042 861 nou
2084 808 2255 860 solum

437 902 763 955 cotidianum
798 900 1054 971 loquendi
1093 918 1315 967 morem,
1347 917 1538 951 uerum
1571 899 1731 951 etiam
1761 899 1933 970 ipsam
1967 878 2256 950 uerborum

436 993 790 1063 prolationem
830 991 1111 1060 significat,
1167 990 1234 1041 (le
1278 997 1409 1042 orat.
1447 989 1533 1041 III
1573 991 1654 1058 11,
1678 990 1745 1040 40
1784 990 1960 1056 ‘atque
2002 995 2062 1040 ut
2095 987 2256 1039 latine

435 1083 718 1152 loquamur
754 1099 863 1133 non
900 1081 1071 1134 solum
1109 1080 1402 1132 uidendum
1442 1087 1522 1132 est
1563 1087 1621 1131 ut
1666 1087 1718 1131 et
1756 1080 1920 1132 uerba
1969 1078 2256 1131 efferamus

437 1192 500 1225 ea
538 1189 672 1244 quae
707 1188 866 1224 nemo
918 1170 1035 1223 iure
1091 1171 1471 1240 reprehendat,
1523 1178 1575 1222 et
1627 1187 1688 1222 ca
1741 1169 1817 1222 sic
1859 1178 1912 1221 et
1954 1169 2165 1222 casibus
2205 1174 2258 1219 et

436 1262 768 1334 temporibus
809 1269 862 1312 ct
897 1278 1102 1330 genere
1141 1269 1194 1313 et
1229 1279 1454 1314 numero
1496 1278 1894 1328 conseruemus,
1933 1267 1992 1312 ut
2030 1275 2099 1311 ne
2128 1257 2256 1327 quid

436 1354 806 1425 perturbatum
846 1371 907 1404 ac
945 1351 1256 1422 discrepans
1295 1361 1384 1404 aut
1422 1359 1828 1424 praeposterum
1857 1351 1942 1420 sit,
1977 1349 2075 1403 sed
2097 1350 2260 1402 etiam

437 1444 624 1515 lingua
660 1450 712 1494 et
741 1442 957 1513 spiritus
992 1450 1046 1494 et
1081 1442 1228 1495 uocis
1265 1462 1427 1495 sonus
1452 1451 1531 1495 est
1558 1442 1674 1512 ipse
1708 1439 2088 1498 moderandus.
2124 1438 2253 1491 nolo

440 1534 667 1604 exprimi
693 1535 897 1586 litteras
925 1533 1182 1606 putidius,
1222 1534 1348 1586 nolo
1386 1532 1659 1586 obscurari
1690 1530 2087 1602 neglegentiuS‚
2130 1529 2257 1582 nolo

437 1627 604 1678 uerba
647 1625 864 1678 exiliter
903 1625 1136 1678 animata
1174 1624 1341 1692 exire,
1378 1625 1504 1676 nolo
1536 1623 1720 1675 inflata
1748 1630 1799 1674 et
1830 1621 1977 1692 quasi
2010 1620 2261 1673 anhelata

438 1714 674 1784 grauius.
716 1733 837 1766 nam
880 1714 945 1765 de
985 1731 1122 1765 uoce
1157 1713 1399 1765 nondum
1443 1731 1505 1764 ea
1543 1712 1663 1765 dico
1707 1729 1841 1781 quae
1877 1718 2001 1764 sunt
2022 1710 2261 1776 actionis,

439 1804 534 1857 sed
571 1805 675 1857 hoc
715 1805 858 1873 quod
896 1804 1026 1856 mihi
1069 1823 1191 1856 cum
1231 1821 1554 1856 sermone
1596 1801 1743 1873 quasi
1795 1801 2139 1854 coniunctum
2183 1800 2259 1852 ui-

442 1896 632 1949 detur’.
708 1896 872 1963 1159,
895 1895 991 1946 241
1039 1896 1137 1947 ‘est
1176 1903 1353 1948 autem
1395 1895 1526 1946 haec
1563 1893 1718 1945 huius
1757 1892 1973 1962 generis
2013 1891 2110 1960 (sc.
2141 1910 2256 1944 nar-

438 1988 684 2056 rationis)
725 1987 895 2040 uirtus
934 1995 993 2040 ut
1031 1986 1106 2039 ita
1145 1988 1283 2039 facta
1323 1986 1678 2053 demonstreS,
1731 1992 1790 2036 ut
1824 2001 2001 2036 mores
2040 1983 2155 2034 eius
2195 1982 2260 2034 de

440 2097 543 2150 quo
582 2096 786 2146 narres,
835 2086 894 2130 ut
931 2097 1172 2147 sermo,
1229 2085 1289 2130 ut
1321 2077 1499 2129 uoltus
1533 2093 1716 2128 omnes
1757 2073 2142 2144 exprimantur,
2202 2080 2260 2124 ut

440 2170 515 2222 eis
548 2171 637 2239 qui
665 2169 890 2222 audiunt
910 2169 1030 2239 geri
1056 2169 1149 2221 illa
1172 2168 1399 2236 fierique
1423 2166 1721 2220 uideantur’
1745 2166 1807 2234 ¹).
1845 2163 2073 2217 eandem
2101 2182 2258 2235 quam

438 2261 606 2313 altero
642 2262 761 2313 loco
799 2260 1248 2332 pronuntiationis
1284 2260 1396 2311 uim
1435 2277 1610 2310 sermo
1650 2258 1810 2309 habet
1849 2257 1906 2308 in
1941 2254 2129 2324 Nigidi
2167 2253 2254 2308 Fi-

439 2351 573 2422 guli,
597 2351 869 2423 scriptoris
890 2351 945 2403 in
969 2351 1150 2403 multis
1170 2350 1330 2403 rebus
1353 2347 1655 2400 Varronem
1682 2347 1852 2400 secuti
1879 2346 1968 2414 (cf.
1995 2345 2069 2400 M.
2090 2344 2260 2399 Hertz

442 2442 508 2494 de
528 2441 714 2511 Nigid.
738 2442 860 2511 Fig.
882 2442 1020 2494 stud.
1043 2448 1096 2492 et
1115 2441 1319 2512 operib.
1348 2460 1399 2512 p.
1422 2439 1627 2508 12sq.)‚
1667 2436 2044 2490 conmentariis
2083 2452 2259 2504 gram-

440 2532 644 2585 maticis
682 2533 735 2583 in
777 2531 924 2586 Gelli
959 2531 1124 2599 XIII,
1153 2531 1252 2599 6‚3
1293 2530 1543 2583 ‘rusticus
1582 2529 1642 2581 fit
1679 2546 1898 2580 sermo
1933 2526 1975 2578 si
2015 2514 2258 2596 adspires

441 2625 762 2696 perperam'.
821 2641 890 2676 ex
927 2623 1043 2693 ipso
1084 2622 1250 2691 igitur
1286 2621 1550 2674 librorum
1585 2619 1766 2671 indice
1809 2636 1918 2670 non
1957 2615 2261 2686 inprobabi-

444 2714 568 2766 liter
607 2714 866 2781 efficeres,
904 2713 977 2766 ibi
1017 2712 1304 2783 praecipue
1345 2730 1432 2764 eas
1473 2728 1588 2763 esse
1628 2716 1880 2762 tractatas
1922 2706 2262 2778 quaestiones

444 2820 579 2871 quae
611 2795 690 2854 ‘ad
730 2811 933 2854 rectam
969 2803 1262 2854 uerborum
1299 2798 1795 2871 pronuntiationem
1838 2805 1890 2850 et
1928 2815 2117 2867 puram
2157 2795 2295 2848 ele-'

442 2900 769 2961 gantemque
806 2893 1126 2945 latinitatem
1168 2891 1456 2963 pertinent.
1502 2890 1646 2959 quod
1683 2889 1726 2942 si
1755 2889 1937 2960 paullo
1961 2886 2261 2940 accuratius

445 2980 954 3046 circumscribimus,
1003 2983 1284 3037 Ciceronis
1324 2982 1505 3034 uerbis
1544 2998 1677 3052 quae
1717 2980 1874 3032 modo
1907 2977 2263 3050 excripsimus

444 3076 542 3138 usi,
581 3075 812 3127 Varroni
859 3073 1129 3143 agendum
1167 3073 1331 3125 fuisse
1384 3071 1450 3123 de
1497 3071 1651 3124 uocis
1691 3088 1820 3124 sono
1863 3070 1928 3121 de
1968 3067 2158 3140 spiritu
2199 3067 2264 3119 de

618 3299 660 3354 1)
698 3299 754 3342 cf.
789 3298 821 3341 I.
864 3298 910 3341 C.
945 3297 1132 3340 Ernesti
1161 3298 1250 3340 lex.
1286 3295 1487 3340 technol.
1520 3295 1597 3338 lat.
1630 3294 1747 3337 rhet.
1779 3309 1824 3349 p.
1845 3293 1944 3336 354.
1989 3291 2039 3334 L.
2061 3289 2265 3334 Doeder-

446 3379 539 3423 lein
561 3380 648 3423 -lat,
683 3391 839 3434 synon.
872 3391 915 3419 u.
950 3376 1131 3430 etymol.
1165 3375 1252 3417 IIII
1271 3389 1315 3430 p.
1334 3374 1404 3417 22.
1440 3374 1532 3421 Cic.
1552 3375 1668 3416 orat.
1687 3370 1843 3422 20‚67.
1877 3370 1947 3424 23,
1968 3370 2038 3413 79.
2069 3369 2143 3419 45,
2165 3368 2263 3413 154.

448 3460 503 3503 de
535 3462 651 3503 orat.
683 3457 836 3510 11111,
859 3455 930 3500 42.
962 3454 1020 3499 ad
1049 3453 1250 3499 Herenn.
1270 3453 1334 3495 III
1359 3452 1427 3500 13,
1446 3452 1517 3496 23.
1550 3451 1703 3505 Quint.
1734 3450 1839 3493 inst.
1864 3464 1929 3494 or.
1943 3449 2047 3494 VIII
2065 3448 2107 3518 ξι,
2127 3449 2263 3503 40sq.

448 3542 504 3585 cl.
537 3542 580 3595 3,
614 3540 668 3583 15
691 3555 756 3596 sq.
