2358 4016
1269 337 1332 383 52

385 488 567 534 autem
584 480 923 533 Varroniana
953 477 1036 531 his
1074 478 1257 532 uerbis
1301 478 1356 546 (ἓ
1381 478 1468 547 17)
1508 485 1635 547 Quot
1668 500 1790 549 erqo.
1816 488 1915 535 sint
1942 488 2206 548 prosodiae

387 577 646 624 dicendum
687 579 769 624 est.
843 587 978 641 quae
1017 569 1160 622 enim
1198 569 1534 639 praecedunt
1554 571 1611 638 ¹),
1648 571 1989 639 quamuisfflea
2030 572 2204 644 primo

385 662 573 714 obtutu
606 660 932 731 principium
969 660 1127 712 huius
1164 659 1384 712 alterius
1435 659 1812 731 disputationis
1869 680 1987 716 esse
2038 663 2206 717 facile
2251 653 2254 657 ⁸

386 750 698 819 contendas,
727 750 922 822 partim
943 750 1205 803 Varronis
1241 750 1539 803 sententiae
1575 760 1901 823 repugnant,
1938 754 2034 822 qui
2066 754 2206 807 infra

384 842 438 910 (ξ
469 841 550 894 24.
592 841 646 910 8)
692 842 839 895 uocis
889 841 1228 893 altitudinem
1282 841 1378 894 sed
1415 860 1527 895 non
1575 849 1824 914 tempora
1855 843 2207 913 ‘syllabarum

384 931 695 985 accentibus
735 931 971 983 discerni
1011 931 1157 998 dicit,
1212 931 1407 1001 partim
1459 950 1487 985 e
1525 934 1868 1006 paragrapho
1908 934 2084 1007 prima
2121 953 2207 988 re-

384 1021 553 1093 petita
598 1029 736 1088 sunt,
792 1020 986 1092 partim
1036 1022 1106 1074 ad
1144 1022 1479 1094 superiorem
1515 1023 1909 1096 expositionem
1942 1020 2206 1097 spectant.

383 1113 594 1183 reliqua
640 1112 906 1182 neglectis
957 1112 1031 1166 eis
1086 1132 1222 1183 quae
1275 1113 1435 1169 Serui
1485 1132 1603 1168 esse
1654 1133 1742 1168 res
1794 1116 1913 1189 ipsa
1945 1116 2104 1170 docet
2137 1117 2208 1170 ad

382 1203 686 1254 Varronem
732 1202 930 1271 refero,
981 1203 1130 1256 cuius
1182 1211 1464 1275 praeterea
1512 1206 1840 1277 paragraphi
1892 1206 2020 1260 illae
2066 1207 2210 1260 duae

384 1291 654 1363 prioribus
695 1292 975 1364 particulis
1013 1293 1364 1365 interpositae
1407 1294 1479 1363 (7.
1513 1296 1569 1359 8)
1616 1303 1757 1365 sunt,
1813 1296 1869 1348 in
1904 1297 2098 1367 quibus
2139 1316 2208 1351 ex

383 1389 536 1452 parte
573 1381 762 1434 eadem
795 1382 1043 1434 doctrina
1076 1383 1310 1435 recurrit
1345 1391 1399 1435 et
1437 1383 1722 1438 interiores
1761 1385 1914 1439 uocis
1943 1394 1998 1439 et
2022 1404 2208 1439 accen-

384 1479 534 1525 tuum
568 1473 721 1542 leges
760 1480 1073 1542 tractantur,
1111 1473 1305 1544 quibus
1345 1482 1528 1527 cetera
1563 1474 1835 1528 nituntur„

549 1563 758 1616 Vocem
801 1563 945 1616 enim
977 1582 1174 1635 corpus
1214 1581 1332 1617 esse
1372 1565 1548 1618 Varro
1587 1565 1768 1618 docuit
1801 1566 1891 1634 (fr.
1918 1567 2010 1636 55)
2050 1565 2209 1639 eique

383 1661 673 1726 propterea
690 1654 959 1725 triplicem
981 1655 1239 1708 obuenire
1262 1656 1651 1724 extensionem,
1674 1657 2076 1728 longitudinem
2092 1657 2209 1710 alti-

384 1746 629 1799 tudinem
665 1746 1096 1815 crassitudinem‚
1132 1746 1188 1798 in
1224 1754 1455 1816 utroque
1493 1748 1786 1801 stoicorum
1827 1748 2022 1820 placita
2059 1766 2212 1803 secu-

386 1845 471 1890 tus
485 1837 542 1903 ί3).
562 1837 962 1908 longitudinem
977 1845 1221 1910 tempore
1238 1845 1291 1890 et
1309 1838 1533 1909 syllabis
1552 1839 1746 1907 metiri,
1762 1839 1986 1909 reliquis
2006 1839 2214 1894 duabus

388 1929 681 1982 conuenire
701 1937 984 1982 accentum
1001 1937 1054 1981 et
1075 1929 1321 1999 spiritum
1338 1929 1490 1982 dixit.
1515 1930 1696 1984 omnia
1714 1931 1850 1984 haec
1865 1921 1963 1984 tria
1982 1930 2100 1985 sine
2117 1931 2214 1985 du·

387 2021 475 2074 bio
498 2022 616 2094 pari
638 2021 934 2074 subtilitate
951 2040 1014 2074 ac
1036 2021 1318 2090 diligentia
1336 2018 1651 2092 persecutus
1675 2029 1772 2090 est,
1801 2041 2028 2092 quorum
2048 2040 2212 2076 unum

386 2119 592 2166 tantum
615 2112 883 2184 quomodo
908 2112 1022 2165 fere
1046 2112 1369 2184 explicuerit
1391 2112 1552 2168 Serui
1573 2113 1830 2183 opusculo
1856 2113 2133 2168 docemur.·
2149 2114 2214 2167 ›in

387 2213 615 2258 accentu
655 2204 798 2256 enim
835 2204 937 2256 tria
969 2223 1157 2257 rursus
1193 2203 1435 2276 respexit
1461 2205 1552 2272 (fr.
1572 2204 1694 2274 59):
1734 2205 2017 2258 materiam
2035 2205 2215 2258 locum
2248 2241 2251 2255 ι

386 2306 634 2352 naturam
671 2297 972 2369 prosodiae.
1012 2304 1071 2348 ut
1111 2296 1290 2350 omnia
1331 2296 1695 2367 neglegenter
1740 2304 1794 2349 et
1830 2313 2215 2368 parum-accu-

387 2398 503 2443 rate
539 2389 828 2460 excerpsit,
865 2388 952 2440 hic
989 2406 1203 2459 quoquo
1239 2387 1409 2440 multa
1441 2388 1621 2440 omisit
1642 2387 1888 2457 Seruius,
1925 2387 2210 2458 duo'prae‘·

556 2611 599 2663 1)
633 2610 819 2654 Seruius
851 2615 875 2664 ξ
899 2610 953 2654 16
985 2627 1026 2668 p.
1045 2611 1150 2656 530:
1200 2611 1448 2656 ‘Accentus
1486 2612 1674 2669 proprie
1707 2598 1903 2668 qualitas
1937 2604 2216 2670 syllabarum

390 2691 481 2734 hoc
515 2693 587 2734 est
621 2689 844 2734 indicium
873 2694 1086 2747 tempora
1117 2691 1405 2746 syllabarum,
1438 2695 1650 2734 naturam
1682 2692 2047 2749 positionemque
2078 2693 2219 2751 signi-

398 2770 554 2814 ficans,
601 2773 708 2814 sunt
743 2771 862 2814 enim
897 2774 1014 2815 tres:
1058 2775 1219 2815 acutus
1252 2771 1406 2827 grauis
1436 2770 1644 2815 inflexus.
1690 2771 1738 2814 hi
1770 2785 1797 2814 a
1827 2773 2006 2829 graecis
2038 2787 2217 2832 προσῳ-

393 2850 490 2893 δίαι
514 2850 747 2894 dicuntur.
779 2865 887 2907 ergo
919 2852 967 2894 in
997 2852 1087 2896 hoc
1117 2865 1397 2908 cognoscere
1429 2851 1582 2906 debes,
1600 2865 1822 2907 quaenam
1850 2853 2084 2909 (quoniam
2103 2855 2215 2911 cod.)

396 2930 555 2974 littera
585 2929 757 2973 uocalis
788 2931 914 2987 capit
946 2931 1074 2986 (facit
1091 2934 1204 2987 cod.)
1238 2934 1481 2975 accentum
1516 2931 1763 2975 secundum
1794 2932 2002 2977 ordinem
2025 2933 2218 2990 syllaba-

392 3025 495 3054 rum
527 3009 775 3054 cuiuslibet
803 3010 949 3066 partis
977 3010 1201 3054 orationis
1230 3010 1380 3068 primo
1409 3011 1529 3064 1000,
1564 3011 1764 3055 secundo
1801 3013 1877 3056 uel
1908 3013 2066 3058 tertio.
2112 3020 2130 3041 Ψ
2179 3023 2182 3026 ’

560 3092 607 3143 2)
641 3089 793 3132 Laert.
830 3089 1154 3145 Diog.V1155.
1199 3092 1335 3149 σῶμα
1367 3090 1408 3133 δ’
1438 3091 1562 3135 ἐστὶν
1592 3089 1618 3146 ἡ
1650 3090 1782 3150 φωνὴ
1813 3089 1926 3136 κατὰ
1954 3089 2057 3142 τοὺς
2085 3106 2218 3139 στωι-

397 3168 502 3219 κοὺς
530 3166 590 3220 ὥς
621 3183 765 3229 φησιν
797 3165 1072 3228 Ἀρχέδημός
1104 3186 1152 3214 τε
1181 3171 1232 3216 ἐν
1260 3172 1312 3230 τῇ
1340 3174 1446 3228 περὶ
1474 3172 1630 3230 φωνῆς
1659 3175 1735 3215 καὶ
1765 3177 1989 3230 Διογένης
2019 3177 2095 3218 καὶ
2121 3171 2217 3221 Ἅν-

398 3255 612 3309 τίπατρος
639 3253 715 3293 καὶ
746 3245 1022 3308 Χρύσιππος
1052 3251 1102 3294 ἐν
1129 3253 1180 3310 τῇ
1213 3252 1398 3310 δευτέρᾳ
1428 3253 1518 3296 τῶν
1548 3253 1764 3311 φυσικῶν.
1798 3254 1894 3297 πᾶν
1920 3251 2009 3311 γὰρ
2037 3252 2088 3297 τὸ
2108 3270 2218 3298 Ιποι--

400 3333 480 3376 οὖν
512 3325 649 3389 σῶμά
679 3332 788 3385 ἐστι,
819 3335 942 3373 ποιεῖ
970 3331 1022 3373 δὲ
1055 3329 1080 3384 ἡ
1125 3329 1255 3389 φωνὴ
1298 3332 1544 3390 προςιοῦσα
1583 3337 1676 3380 τοῖς
1713 3327 1954 3378 ἀκούουσιν
1980 3331 2089 3387 ’ἀπὸ
2127 3336 2219 3380 τῶν

404 3405 695 3471 φωνούντων.
756 3410 962 3454 V11135.
1007 3411 1142 3469 σῶμα
1176 3411 1216 3452 δ’
1248 3412 1357 3466 ἐστί,
1399 3415 1544 3470 φησὶν
1573 3404 1912 3471 ,Ἀπολλόδωρος
1948 3413 2000 3457 ἓν
2037 3415 2091 3474 τῇ
2129 3430 2218 3474 φυ-

400 3493 515 3552 σικῇ,
549 3490 600 3535 τὸ
631 3491 762 3549 τριχῆ
792 3485 1049 3545 διαστατόν,
1082 3494 1144 3539 εἰς
1177 3492 1323 3548 μῆκος
1353 3494 1416 3538 εἰς
1444 3487 1611 3539 πλάτος
1637 3495 1701 3539 εἰς
1730 3488 1887 3547 βάθος·
1917 3494 2046 3536 τοῦτο
2074 3494 2126 3537 δὲ
2143 3497 2218 3538 καὶ

397 3571 583 3630 στερεὸν
614 3574 750 3630 σῶμα
782 3573 989 3614 καλεῖται.
1052 3571 1108 3615 cs.
1142 3571 1268 3615 Stob.
1303 3573 1385 3615 ecl.
1422 3573 1549 3628 phys.
1586 3573 1679 3616 115
1712 3589 1752 3630 p.
1772 3574 1874 3618 340.
1893 3574 1982 3618 350
2001 3575 2133 3618 Heer.
