2306 4016
1261 337 1326 382 80

382 484 473 536 ubi
513 485 687 554 prima
726 483 892 534 uerba
933 488 1057 533 sunt
1091 489 1275 534 constat
1311 501 1424 547 erqo
1462 486 1643 533 latinus
1679 502 1832 535 sermo
1867 487 2047 536 natura
2085 502 2202 535 ana-

383 579 510 640 loyia
544 580 884 627 consuetudine
919 578 1221 624 auctoritate.
1290 571 1424 622 haec
1462 570 1632 640 igitur
1667 579 1917 641 tanquam
1955 579 2205 642 quattuor

381 664 730 716 fundamenta
767 671 819 715 et
860 663 1127 734 principia
1169 664 1342 714 bonae
1396 661 1675 714 latinitatis
1726 663 1922 732 posuit,
1963 662 2046 714 -n'tf
2077 663 2204 732 quid

384 772 568 806 eorum
607 755 699 806 uni
736 762 1065 825 repugnaret
1103 751 1435 805 reiciendum
1477 760 1634 804 esset.
1686 760 1874 804 natura
1910 754 2204 806 uerborum

381 846 496 915 ipsa
534 845 754 896 materia
790 844 881 895 uel
913 844 1089 914 potius
1114 843 1404 913 peculiaris
1434 844 1725 896 uerborum
1756 844 1932 896 forma
1951 851 2006 895 ct
2029 844 2206 912 figura

382 944 478 1002 est,
529 954 664 1004 quae
721 942 1030 986 constanter
1081 933 1271 985 eadem
1312 941 1510 1001 manet,
1561 941 1621 984 ut
1656 941 1814 987 scribo
1849 953 1958 987 non
1996 941 2206 988 -sorimbo

382 1027 525 1079 dicat
560 1027 650 1095 qui
689 1025 937 1094 intellegi
974 1025 1108 1076 uelit
1148 1042 1373 1076 necesse
1411 1024 1492 1076 sit.
1562 1041 1678 1076 eam
1719 1032 1896 1077 autem
1939 1024 2200 1077 artissime

381 1137 504 1169 cum
553 1116 763 1186 origine
807 1116 1100 1168 uerborum
1158 1133 1425 1167 conexam
1465 1132 1583 1167 esse
1623 1123 1676 1167 et
1715 1133 1786 1167 ex
1825 1115 1926 1168 hac
1965 1115 2204 1185 pendere

380 1207 724 1260 manifestum
762 1216 843 1259 est
882 1215 934 1259 ct
975 1206 1322 1258 confirmatur
1358 1204 1624 1257 Varronis
1662 1205 1844 1257 uerbis
1886 1203 1978 1274 (de
1997 1205 2206 1258 1.·1.V2

381 1317 430 1369 p.
475 1297 561 1365 13)
602 1305 979 1361 uniuscuiusque
1028 1303 1166 1349 uerbi
1215 1304 1426 1348 naturae
1475 1303 1588 1357 sunt
1624 1301 1749 1347 duae
1782 1315 1812 1348 a
1854 1316 1951 1360 qua
1985 1315 2040 1349 re
2077 1305 2122 1349 et
2141 1303 2208 1348 ‘in

382 1409 477 1454 qua
512 1409 566 1441 re
601 1393 888 1441 uocabulum
923 1395 987 1440 sit
1020 1394 1313 1450 impositum.
1373 1385 1655 1455 analogiae
1694 1385 2067 1455 interpretatio
2106 1406 2206 1439 ser-

379 1486 534 1533 monis
569 1499 599 1531 a
634 1487 815 1531 natura
852 1484 1043 1542 proditi
1073 1483 1320 1529 ordinatio
1355 1481 1617 1528 secundum
1654 1481 1894 1528 teelmieos.
1937 1475 2032 1528 uix
2071 1475 2207 1528 inte-

381 1589 480 1640 gra
516 1570 805 1620 eVarrone
842 1567 1095 1627 translata
1137 1574 1232 1634 est,
1271 1565 1415 1636 quod
1450 1565 1694 1635 pluribus
1720 1565 1863 1618 inter
1882 1567 2205 1638 scriptorem

380 1661 612 1733 primum
653 1667 706 1711 et
746 1658 1155 1729 grammaticum
1196 1664 1437 1708 nostrum
1474 1655 1936 1708 intercedentibus
1975 1657 2204 1709 auctori-

379 1753 480 1805 bus
520 1770 626 1819 non
660 1750 822 1802 ualde
863 1758 943 1802 est
987 1749 1196 1801 mirum.
1237 1748 1628 1800 ordinationem
1676 1766 1806 1800 uero
1846 1748 1887 1800 si
1945 1767 2205 1815 summam

381 1850 590 1912 spectas
641 1841 718 1893 rei
771 1859 879 1893 non
929 1840 1159 1892 alienam
1212 1857 1328 1892 csse
1367 1839 1432 1890 ab
1473 1839 1722 1909 analogia
1756 1846 1984 1891 testatur
2021 1839 2205 1891 Vitru-

379 1933 517 2001 uius,
556 1933 646 2002 qui
685 1932 752 1983 de
790 1931 898 1983 suis
946 1933 1106 1983 rebus
1155 1931 1226 1982 ita
1265 1930 1450 1983 scribit
1499 1929 1550 1996 (I
1580 1931 1635 1997 2,
1664 1929 1749 1998 2):
1801 1929 2084 1982 ‘ordinatio
2127 1937 2208 1980 est

382 2021 592 2074 modica
630 2024 993 2074 membrorum
1042 2019 1222 2092 operis
1271 2019 1620 2072 commoditas
1658 2019 1948 2089 separatim
1986 2020 2204 2072 uniuer-

378 2130 573 2182 saeque
612 2109 975 2183 proportionis
1015 2111 1081 2162 ad
1114 2111 1480 2180 symmetriam
1521 2109 1887 2180 comparatio’‚
1923 2110 2077 2162 cuius
2104 2109 2204 2161 ‘dc-

379 2203 633 2257 finitionis
675 2223 798 2276 pars
837 2203 1006 2255 altera
1047 2202 1284 2255 ostendit
1320 2202 1588 2272 quomodo
1619 2201 1722 2254 hoc
1748 2218 1945 2253 nomen
1981 2200 2049 2252 ad
2083 2219 2204 2252 ana-

378 2295 578 2364 logiam
621 2293 995 2365 explicandam
1041 2293 1286 2345 adhiberi
1323 2292 1562 2364 potuerit
1603 2293 1671 2344 cf.
1711 2290 1889 2343 Varro
1929 2290 1996 2343 dc
2033 2290 2067 2342 l.
2092 2291 2126 2342 l.
2151 2290 2206 2342 X

378 2386 442 2438 37
482 2404 532 2455 p.
553 2386 683 2438 565:
726 2384 986 2455 ‘sequitur
1023 2383 1211 2435 tertius
1248 2384 1418 2451 locus,
1458 2400 1596 2452 quae
1633 2382 1701 2435 sit
1738 2381 1871 2434 ratio
1905 2380 2205 2452 proportio·

375 2476 457 2528 nis
475 2478 540 2544 ¹);
583 2495 645 2529 ea
670 2494 867 2546 graece
892 2482 1118 2527 uocatur
1152 2471 1429 2541 ἅνάλογον;
1471 2475 1536 2526 ab
1574 2473 1805 2543 analogo
1848 2472 1992 2525 dicta
2027 2472 2203 2524 analo-

377 2567 503 2636 gia',
545 2567 612 2621 cl.
649 2567 795 2620 X42
832 2587 882 2639 p.
903 2568 1022 2620 568.
1062 2567 1128 2619 65
1165 2586 1216 2638 p.
1238 2565 1356 2618 581.
1430 2564 1765 2617 consuetudo
1813 2563 1868 2616 in
1910 2564 2204 2616 multorum

377 2659 732 2712 consensione
772 2667 824 2710 et
860 2677 962 2710 usu
1003 2657 1263 2727 loquendi
1302 2664 1550 2709 uersatur
1589 2663 1642 2707 et
1669 2655 1856 2707 cadem
1874 2655 1928 2708 ui
1950 2675 2059 2708 non
2083 2672 2205 2707 raro

376 2750 430 2801 in
474 2749 625 2801 libris
677 2749 744 2801 de
787 2749 976 2819 lingua
1024 2749 1192 2801 latina
1231 2748 1511 2818 analogiae
1551 2748 1840 2820 opponitur
1875 2756 1938 2800 ut·
1973 2747 2114 2800 VIII
2139 2747 2206 2800 26

378 2861 429 2912 p.
459 2840 564 2892 410
588 2859 665 2909 sq.
705 2840 943 2893 V11112
979 2859 1030 2911 p.
1053 2840 1154 2892 458
1178 2859 1255 2908 sq.
1291 2840 1345 2892 X
1367 2841 1432 2891 73
1471 2859 1521 2911 p.
1543 2839 1662 2907 585,
1716 2839 2006 2891 auctoritas
2056 2856 2205 2905 uer0,

378 2951 482 3000 qua
533 2939 779 2982 ueterum
827 2949 981 2982 usum
1033 2930 1291 3001 loquendi
1346 2930 1437 2981 uel
1492 2929 1761 2982 scribendi
1814 2928 2104 2999 significat,
2149 2928 2204 2980 in

375 3019 484 3072 illis
522 3019 673 3071 libris
712 3037 820 3070 non
866 3018 1116 3071 occurrit.
1139 3017 1181 3086 2)
1251 3018 1432 3087 paucis
1473 3018 1685 3070 mutatis
1726 3017 1954 3071 eandem
1992 3018 2059 3070 de
2096 3035 2203 3069 ser-

541 3174 584 3230 1)
618 3178 935 3232 Proporeiom’s
969 3191 1021 3217 ea
1046 3172 1209 3228 scripsi
1234 3187 1319 3229 pro
1350 3187 1404 3215 eo
1436 3171 1559 3227 quod
1579 3171 1724 3215 codex
1739 3169 2035 3214 Florentinus
2066 3169 2207 3212 habet

376 3258 662 3312 proportione
691 3271 719 3298 a
748 3271 876 3312 gyret-e
914 3253 962 3309 (i.
996 3268 1033 3295 e.
1066 3253 1326 3312 proportior]
1360 3270 1412 3297 ea
1443 3254 1635 3310 mucce),
1670 3266 1726 3295 ex
1761 3257 1850 3307 quo
1885 3249 2038 3294 effecit
2067 3249 2206 3305 Spen—

376 3334 522 3390 gelius
554 3328 611 3376 de
643 3334 824 3377 emend.
853 3337 940 3376 rat.
972 3333 1076 3376 libr.
1095 3333 1227 3377 Varr.
1261 3334 1316 3377 de
1347 3334 1375 3378 l.
1407 3334 1435 3378 l.
1472 3349 1516 3390 p.
1536 3333 1590 3377 13
1622 3337 1926 3392 proportione.
1965 3349 2016 3375 ea
2045 3346 2205 3389 graece

377 3414 433 3457 cf.
452 3413 565 3457 Gell.
585 3402 666 3457 XV
690 3413 730 3466 9,
750 3413 779 3456 4
826 3408 1053 3470 ἀνάλογον
1085 3429 1110 3455 a
1142 3414 1322 3470 graecis
1352 3429 1445 3457 non
1463 3413 1687 3457 declinari
1707 3412 1865 3456 docuit
1883 3412 2006 3455 idem
2025 3411 2084 3454 ad
2102 3409 2205 3453 Phi-

374 3494 540 3537 lodem.
554 3492 669 3537 rhet.
689 3494 776 3536 IIII
796 3492 880 3538 col.¹
901 3493 1008 3536 XIII
1027 3493 1083 3537 10
1099 3493 1145 3536 in
1159 3494 1363 3551 abhdlgn
1396 3495 1437 3537 d.
1457 3493 1696 3537 muenchn.
1716 3493 1844 3536 acad.
1863 3491 2014 3536 18401
2035 3506 2080 3548 p.
2103 3490 2204 3534 267.

541 3573 585 3628 2)
617 3573 686 3617 Ibi
710 3583 876 3617 natura
897 3574 1163 3629 plerumque
1184 3571 1413 3629 significat
1437 3572 1795 3617 declinationem
1811 3571 2069 3616 naturalem
2090 3584 2206 3626 quae
