2236 4030
1215 366 1276 412 16

330 509 496 585 ‘etiam
537 510 856 562 factumest
879 518 939 563 ut
977 518 1028 563 et
1065 510 1403 582 grammatici
1441 510 1803 580 posteriorum
1838 517 2159 582 temporum,

336 605 621 668 postquam
654 598 974 669 praesertim
1011 599 1341 670 Apollonius
1377 598 1592 670 prodiit,
1631 599 1730 652 hos
1766 599 2160 672 librosnegle-

339 695 548 756 gerent,
593 695 647 740 et
680 689 784 761 ipsi
819 689 945 743 libri
976 690 1261 742 immature
1298 689 1555 760 perirent.

506 779 692 832 Nihilo
723 781 898 834 minus
930 781 1167 852 experiri
1190 781 1449 833 debemus
1477 799 1607 833 num
1636 780 1834 834 certius
1857 781 1986 850 quid
2004 782 2162 834 statui

335 870 521 940 possit.
560 867 899 939 potissimum
932 868 1047 920 sine
1086 867 1249 919 dubio
1273 866 1643 940 Chrysippum
1682 875 1894 922 secutus
1934 870 2049 923 eius
2085 870 2161 922 in-

335 967 496 1011 uenta
536 960 728 1012 eodem
771 958 932 1011 modo
973 966 1131 1028 atque
1170 959 1226 1011 in
1261 959 1484 1031 reliquis
1509 960 1661 1013 libris
1685 960 2162 1031 grammaticorum

336 1050 734 1121 stoicorumque
785 1051 983 1122 placita
1040 1050 1296 1102 refutauit
1344 1052 1437 1104 uel
1483 1052 1736 1122 probauit
1785 1051 1877 1104 uel
1910 1051 2161 1105 correxit.

335 1137 692 1210 paucissimae
724 1139 1007 1211 relliquiae
1047 1146 1234 1192 extant
1267 1158 1368 1193 nec
1406 1141 1539 1193 tales
1563 1159 1591 1194 e
1619 1140 1810 1210 quibus
1840 1141 1982 1195 effici
2012 1141 2161 1213 quid—

337 1246 496 1296 quam
536 1229 720 1300 possit,
755 1229 852 1282 sed
881 1249 991 1282 non
1015 1230 1215 1283 nullius
1240 1231 1497 1283 momenti
1516 1231 1573 1282 in
1598 1231 1698 1283 hac
1723 1248 1783 1284 re
1802 1230 2101 1302 Augustini
2119 1231 2159 1300 ¹)

335 1318 552 1371 libellus
573 1327 669 1388 est,
696 1320 786 1391 qui
807 1319 1118 1373 inscribitur
1138 1320 1418 1392 ‘principia
1439 1320 1788 1373 dialecticae'.
1817 1321 2161 1392 Augustinus

338 1420 499 1481 quem
517 1409 782 1462 Varronis
820 1411 1022 1482 scripta
1058 1410 1268 1463 ardenti
1305 1409 1482 1462 studio
1516 1410 1788 1463 lectitasse
1821 1418 2041 1465 constat,
2068 1411 2160 1480 (cf.

334 1499 397 1553 L.
421 1501 675 1554 Krahner
713 1502 780 1554 de
801 1501 961 1554 Varr.
997 1502 1160 1573 antiq.
1198 1502 1318 1554 libr.
1346 1510 1404 1573 p.
1427 1502 1511 1570 31,
1549 1502 1842 1557 Francken
1859 1502 1897 1556 1.
1917 1502 1952 1555 l.
1979 1519 2035 1572 p.
2053 1500 2161 1554 XV

337 1592 456 1663 sq),
494 1611 614 1644 cum
652 1600 841 1664 postea
865 1592 1030 1644 nimia
1058 1592 1257 1663 pietate
1287 1592 1420 1644 haec
1456 1592 1631 1646 studia
1668 1599 2053 1662 contemneret,
2087 1591 2161 1644 ita

336 1683 553 1755 scripsit
572 1718 575 1721 ,
591 1694 634 1738 et
673 1691 792 1750 quid
820 1692 939 1738 mihi
968 1691 1206 1750 proderat
1252 1691 1381 1750 quod
1432 1705 1591 1738 omnes
1633 1691 1783 1738 libros
1824 1691 2007 1737 artium
2041 1701 2162 1748 quas

337 1779 561 1828 liberales
605 1785 794 1839 uocant,
845 1785 957 1829 tunc
991 1783 1313 1841 nequissimus
1348 1782 1591 1830 malarum
1629 1782 1952 1842 cupiditatum
1989 1793 2162 1828 seruus

329 1885 426 1930 per
449 1886 521 1919 me
544 1873 707 1930 ipsum
735 1871 829 1932 leyi
859 1876 904 1919 et
929 1873 1148 1920 intellexi
1167 1886 1470 1932 quoscunque
1497 1873 1652 1934 leqere
1685 1874 1826 1932 pot-ui
1841 1873 1865 1920 ἓ
1901 1873 1947 1920 et
1981 1871 2162 1933 qauda-

337 1962 445 2009 bam
479 1963 533 2009 in
572 1964 640 2010 eis
674 1967 718 2011 et
751 1965 1032 2021 nesciebam,
1072 1965 1202 2011 unde
1238 1968 1370 2021 esset,
1410 1965 1651 2024 quidquid
1687 1964 1758 2011 ibi
1793 1962 1964 2011 itervm
1994 1965 2038 2011 et
2063 1977 2163 2011 cer-

335 2059 435 2102 tum
468 2059 587 2103 esset
620 2050 873 2115 (confess,
898 2050 1017 2102 IIII
1038 2050 1120 2118 16,
1145 2050 1228 2102 30.
1267 2050 1295 2102 Ι
1322 2069 1372 2120 p.
1396 2050 1495 2102 123
1523 2049 1605 2103 ed.
1629 2044 1928 2118 congr-St.
1949 2046 2162 2115 Maium),

336 2157 566 2211 eumque
603 2140 661 2192 in
687 2141 771 2194 his
797 2159 1012 2213 quoque
1046 2141 1250 2209 studiis,
1291 2160 1414 2194 cum
1451 2141 1809 2212 undecunque
1846 2139 2014 2192 libros
2048 2157 2162 2192 cor—

331 2228 556 2299 riperet,
593 2229 899 2283 Varronem
957 2249 1068 2283 non
1120 2230 1448 2300 neglexisse·
1487 2248 1593 2301 per·
1638 2248 1696 2283 se
1735 2228 2014 2301 probabile
2053 2236 2161 2283 est.

333 2318 578 2372 libellum
615 2319 797 2390 ipsum¹
833 2319 1141 2391 inspicienti
1180 2337 1208 2371 e
1242 2319 1534 2371 stoicorum
1557 2324 1737 2370 mente
1758 2335 1882 2370 eum
1902 2316 2162 2388 scriptum

336 2428 452 2463 esse
496 2418 737 2483 apparet,
797 2419 850 2463 et
905 2411 973 2463 ad
1028 2428 1215 2463 eorum
1267 2409 1572 2464 doctrinam
1627 2406 2002 2481 explicandam
2044 2413 2166 2478 post

334 2501 433 2555 Th.
473 2501 778 2556 Stanleium
833 2502 979 2571 (hist.
1016 2501 1146 2574 phil.
1186 2501 1243 2553 II
1282 2521 1332 2572 p.
1365 2500 1463 2553 166
1503 2500 1586 2553 ed.
1609 2500 1806 2554 Venet.
1846 2518 1898 2570 p.
1936 2498 2038 2553 566
2076 2497 2161 2551 ed.

333 2591 507 2664 Lips.)
551 2594 617 2646 ab
657 2592 947 2664 Rudolpho
987 2590 1293 2646 Schmidtio
1336 2590 1606 2644 adhibitus
1646 2598 1742 2659 est,
1783 2589 1875 2660 qui
1916 2606 2054 2661 quae
2093 2587 2160 2640 de

337 2682 671 2752 etymologia
709 2683 783 2735 ibi
825 2683 1107 2751 docentur,
1149 2701 1177 2734 e
1218 2669 1484 2734 Varronis
1532 2679 1683 2732 libris
1738 2679 1804 2731 de
1861 2677 2049 2731 eadem
2102 2696 2163 2730 re

333 2772 508 2839 (libris
546 2771 812 2824 II—HII
863 2772 930 2824 de
982 2772 1168 2842 lingua
1222 2772 1407 2837 latina)
1451 2769 1673 2822 fluxisse
1712 2768 1958 2823 coniecit.
2019 2767 2164 2836 quod

335 2871 484 2916 recte
508 2862 753 2934 posuisse
791 2863 1021 2916 uidetur.
1060 2862 1293 2934 primum
1332 2861 1474 2913 enim
1516 2878 1544 2911 e
1579 2858 1896 2930 ueriloquiis
1931 2858 2008 2912 ibi
2043 2877 2165 2930 pro-

334 2955 456 3008 latis
496 2955 730 3027 plurima
767 2962 1038 3024 tamquam
1083 2951 1420 3005 Varroniana
1472 2950 1710 3004 notanda
1758 2956 1900 3018 sunt,
1956 2949 2163 3018 aliaque

504 3129 545 3184 1)
575 3127 799 3185 Episcopi
817 3127 1125 3184 Hipponensis
1158 3127 1281 3169 enim
1301 3126 1387 3169 hoc
1416 3125 1688 3182 opusculum
1708 3138 1807 3168 esse
1827 3121 2163 3166 demonstrauit

335 3209 497 3253 Prantl
527 3210 558 3253 1.
595 3210 624 3252 l.
656 3224 701 3265 p.
721 3208 821 3262 666,
853 3221 1125 3263 quamquam
1158 3207 1206 3249 id
1243 3206 1287 3250 C.
1321 3206 1372 3249 F.
1404 3206 1602 3249 Webero
1633 3205 1809 3261 proleg.
1840 3203 1888 3246 in
1916 3202 2165 3259 Augustini

336 3293 423 3334 art.
457 3304 648 3347 gramm.
681 3304 724 3346 p.
749 3289 772 3331 1
805 3302 897 3331 non
932 3287 1213 3343 persuasisse
1243 3286 1442 3329 uidetur.
1483 3285 1651 3328 addere
1684 3283 1840 3340 potuit
1871 3282 1922 3325 in
1954 3282 2073 3325 libro
2107 3282 2163 3325 de

336 3371 560 3428 magistro
593 3385 727 3426 quem
758 3372 939 3426 patrem
972 3368 1103 3411 breui
1137 3371 1245 3423 post
1275 3367 1391 3410 illud
1423 3365 1659 3422 scripsisse
1693 3366 1877 3408 constat
1909 3362 1982 3411 (cf.
2008 3362 2164 3418 Augu-

339 3451 445 3494 stin.
480 3453 666 3494 retract.
701 3449 721 3492 Ι
754 3449 829 3504 12)
858 3447 1080 3491 nonnulla
1109 3461 1349 3490 recurrere
1390 3459 1503 3501 quae
1535 3444 1584 3487 in
1624 3444 1704 3486 illo
1744 3441 1902 3486 libello
1941 3441 2163 3498 leguntur

335 3533 389 3573 ut
419 3531 459 3574 V
487 3531 553 3574 12.
587 3531 656 3574 16.
691 3529 816 3573 Tom.
841 3528 863 3570 I
899 3542 944 3583 p.
975 3526 1075 3570 679.
1105 3525 1190 3569 682
1219 3527 1290 3570 ed.
1325 3540 1482 3583 congr.
1517 3525 1560 3568 S.
1591 3524 1753 3578 Maur.‚
1803 3521 1928 3565 unde
1969 3523 2163 3577 apparet

337 3610 626 3654 dialecticam
658 3612 750 3654 illic
783 3609 1039 3666 expositam
1073 3623 1121 3650 re
1154 3622 1265 3650 uera
1303 3607 1612 3663 Augustinum
1643 3604 1902 3660 amplexum
1939 3615 2051 3646 esse.
