<?xml version="1.0" encoding="UTF-8"?>
<!DOCTYPE html PUBLIC "-//W3C//DTD XHTML 1.0 Transitional//EN"
    "http://www.w3.org/TR/xhtml1/DTD/xhtml1-transitional.dtd">
<html xmlns="http://www.w3.org/1999/xhtml" xml:lang="en" lang="en">
 <head>
  <title>
</title>
<meta http-equiv="Content-Type" content="text/html;charset=utf-8" />
  <meta name='ocr-system' content='tesseract 3.04.00' />
  <meta name='ocr-capabilities' content='ocr_page ocr_carea ocr_par ocr_line ocrx_word'/>
</head>
<body>
  <div class='ocr_page' id='page_1' title='image "./demterentivarron00wilmuoft_0067.png"; bbox 0 0 2418 4048; ppageno 0'>
   <div class='ocr_carea' id='block_1_1' title="bbox 1065 329 1128 376">
    <p class='ocr_par' dir='ltr' id='par_1_1' title="bbox 1065 329 1128 376">
     <span class='ocr_line' id='line_1_1' title="bbox 1065 329 1128 376; baseline -0.016 0"><span class='ocrx_word' id='word_1_1' title='bbox 1065 329 1128 376; x_wconf 83' lang='lat'>55</span> 
     </span>
    </p>
   </div>
   <div class='ocr_carea' id='block_1_2' title="bbox 142 474 2023 3188">
    <p class='ocr_par' dir='ltr' id='par_1_2' title="bbox 142 474 2023 3188">
     <span class='ocr_line' id='line_1_2' title="bbox 188 474 2022 544; baseline -0.002 -16"><span class='ocrx_word' id='word_1_2' title='bbox 188 474 300 543; x_wconf 79' lang='lat' dir='ltr'>(hie</span> <span class='ocrx_word' id='word_1_3' title='bbox 337 474 467 544; x_wconf 82' lang='lat' dir='ltr'>eod.)</span> <span class='ocrx_word' id='word_1_4' title='bbox 506 474 664 528; x_wconf 89' lang='lat' dir='ltr'>facile</span> <span class='ocrx_word' id='word_1_5' title='bbox 703 474 821 528; x_wconf 89' lang='lat' dir='ltr'>fieri</span> <span class='ocrx_word' id='word_1_6' title='bbox 860 475 974 528; x_wconf 88' lang='lat' dir='ltr'>sine</span> <span class='ocrx_word' id='word_1_7' title='bbox 1014 474 1211 542; x_wconf 88' lang='lat' dir='ltr'>media,</span> <span class='ocrx_word' id='word_1_8' title='bbox 1264 491 1492 543; x_wconf 86' lang='lat' dir='ltr'>eamque</span> <span class='ocrx_word' id='word_1_9' title='bbox 1529 480 1746 527; x_wconf 90' lang='lat' dir='ltr'>acutum</span> <span class='ocrx_word' id='word_1_10' title='bbox 1784 474 2022 544; x_wconf 89' lang='lat' dir='ltr'>plerum-</span> 
     </span>
     <span class='ocr_line' id='line_1_3' title="bbox 184 563 2017 637; baseline -0.002 -18"><span class='ocrx_word' id='word_1_11' title='bbox 184 583 291 636; x_wconf 86' lang='lat' dir='ltr'>que</span> <span class='ocrx_word' id='word_1_12' title='bbox 331 582 450 619; x_wconf 88' lang='lat' dir='ltr'>esse</span> <span class='ocrx_word' id='word_1_13' title='bbox 483 564 662 637; x_wconf 88' lang='lat' dir='ltr'>potius</span> <span class='ocrx_word' id='word_1_14' title='bbox 702 584 861 637; x_wconf 88' lang='lat' dir='ltr'>quam</span> <span class='ocrx_word' id='word_1_15' title='bbox 899 582 1144 636; x_wconf 84' lang='lat' dir='ltr'>grauem,</span> <span class='ocrx_word' id='word_1_16' title='bbox 1183 564 1330 636; x_wconf 89' lang='lat' dir='ltr'>quod</span> <span class='ocrx_word' id='word_1_17' title='bbox 1367 582 1431 616; x_wconf 88' lang='lat' dir='ltr'>ea</span> <span class='ocrx_word' id='word_1_18' title='bbox 1470 563 1692 636; x_wconf 85' lang='lat' dir='ltr'>propius</span> <span class='ocrx_word' id='word_1_19' title='bbox 1730 571 2017 635; x_wconf 88' lang='lat' dir='ltr'>utramque</span> 
     </span>
     <span class='ocr_line' id='line_1_4' title="bbox 182 654 2015 728; baseline -0.002 -19"><span class='ocrx_word' id='word_1_20' title='bbox 182 663 281 725; x_wconf 85' lang='lat' dir='ltr'>est,</span> <span class='ocrx_word' id='word_1_21' title='bbox 333 675 494 726; x_wconf 86' lang='lat' dir='ltr'>quam</span> <span class='ocrx_word' id='word_1_22' title='bbox 543 657 637 710; x_wconf 87' lang='lat' dir='ltr'>illa</span> <span class='ocrx_word' id='word_1_23' title='bbox 681 656 927 728; x_wconf 78' lang='lat' dir='ltr'>superior</span> <span class='ocrx_word' id='word_1_24' title='bbox 978 664 1032 709; x_wconf 88' lang='lat' dir='ltr'>et</span> <span class='ocrx_word' id='word_1_25' title='bbox 1084 655 1311 709; x_wconf 86' lang='lat' dir='ltr'>inferior</span> <span class='ocrx_word' id='word_1_26' title='bbox 1360 655 1503 708; x_wconf 90' lang='lat' dir='ltr'>inter</span> <span class='ocrx_word' id='word_1_27' title='bbox 1558 655 1650 708; x_wconf 86' lang='lat' dir='ltr'>se&#39;.</span> <span class='ocrx_word' id='word_1_28' title='bbox 1725 654 1782 707; x_wconf 90' lang='lat' dir='ltr'>in</span> <span class='ocrx_word' id='word_1_29' title='bbox 1821 655 2015 726; x_wconf 89' lang='lat' dir='ltr'>quibus</span> 
     </span>
     <span class='ocr_line' id='line_1_5' title="bbox 180 749 2023 814; baseline -0.002 -12"><span class='ocrx_word' id='word_1_30' title='bbox 180 749 348 802; x_wconf 83' lang='lat' dir='ltr'>uerba</span> <span class='ocrx_word' id='word_1_31' title='bbox 385 768 583 814; x_wconf 80' lang='lat' dir='ltr'>eamque</span> <span class='ocrx_word' id='word_1_32' title='bbox 613 757 807 802; x_wconf 76' lang='lat' dir='ltr'>acutam</span> <span class='ocrx_word' id='word_1_33' title='bbox 841 754 1131 813; x_wconf 76' lang='lat' dir='ltr'>plerumque</span> <span class='ocrx_word' id='word_1_34' title='bbox 1167 766 1266 800; x_wconf 91' lang='grc'><em>6336</em></span> <span class='ocrx_word' id='word_1_35' title='bbox 1296 753 1464 812; x_wconf 72' lang='lat' dir='ltr'>potius</span> <span class='ocrx_word' id='word_1_36' title='bbox 1505 767 1652 812; x_wconf 77' lang='lat' dir='ltr'>quam</span> <span class='ocrx_word' id='word_1_37' title='bbox 1692 766 1896 813; x_wconf 73' lang='lat' dir='ltr'>qrauem</span> <span class='ocrx_word' id='word_1_38' title='bbox 1931 754 2023 798; x_wconf 89' lang='lat' dir='ltr'>aut</span> 
     </span>
     <span class='ocr_line' id='line_1_6' title="bbox 181 836 2016 908; baseline -0.002 -15"><span class='ocrx_word' id='word_1_39' title='bbox 181 838 424 893; x_wconf 88' lang='lat' dir='ltr'>tollenda</span> <span class='ocrx_word' id='word_1_40' title='bbox 460 846 584 892; x_wconf 88' lang='lat' dir='ltr'>sunt</span> <span class='ocrx_word' id='word_1_41' title='bbox 623 845 714 891; x_wconf 85' lang='lat' dir='ltr'>aut</span> <span class='ocrx_word' id='word_1_42' title='bbox 751 838 1092 908; x_wconf 85' lang='lat' dir='ltr'>corrigenda,</span> <span class='ocrx_word' id='word_1_43' title='bbox 1127 855 1262 907; x_wconf 86' lang='lat' dir='ltr'>quae</span> <span class='ocrx_word' id='word_1_44' title='bbox 1299 844 1352 889; x_wconf 88' lang='lat' dir='ltr'>et</span> <span class='ocrx_word' id='word_1_45' title='bbox 1386 836 1444 889; x_wconf 91' lang='lat' dir='ltr'>in</span> <span class='ocrx_word' id='word_1_46' title='bbox 1476 837 1830 906; x_wconf 86' lang='lat' dir='ltr'>sequentibus</span> <span class='ocrx_word' id='word_1_47' title='bbox 1865 855 2016 908; x_wconf 90' lang='lat' dir='ltr'>pror·</span> 
     </span>
     <span class='ocr_line' id='line_1_7' title="bbox 182 928 2018 1001; baseline -0.001 -19"><span class='ocrx_word' id='word_1_48' title='bbox 182 949 270 982; x_wconf 86' lang='lat' dir='ltr'>sus</span> <span class='ocrx_word' id='word_1_49' title='bbox 324 930 695 1001; x_wconf 84' lang='lat' dir='ltr'>negleguntur</span> <span class='ocrx_word' id='word_1_50' title='bbox 753 937 806 982; x_wconf 93' lang='lat' dir='ltr'>et</span> <span class='ocrx_word' id='word_1_51' title='bbox 859 944 959 1000; x_wconf 87' lang='lat' dir='ltr'>per</span> <span class='ocrx_word' id='word_1_52' title='bbox 1010 947 1068 982; x_wconf 88' lang='lat' dir='ltr'>se</span> <span class='ocrx_word' id='word_1_53' title='bbox 1113 929 1297 1000; x_wconf 86' lang='lat' dir='ltr'>inepta</span> <span class='ocrx_word' id='word_1_54' title='bbox 1341 936 1486 996; x_wconf 81' lang='lat' dir='ltr'>sunt,</span> <span class='ocrx_word' id='word_1_55' title='bbox 1539 947 1663 982; x_wconf 88' lang='lat' dir='ltr'>nam</span> <span class='ocrx_word' id='word_1_56' title='bbox 1705 928 2018 1001; x_wconf 83' lang='lat' dir='ltr'>prosodiam</span> 
     </span>
     <span class='ocr_line' id='line_1_8' title="bbox 182 1018 2017 1091; baseline -0.001 -19"><span class='ocrx_word' id='word_1_57' title='bbox 182 1019 465 1090; x_wconf 85' lang='lat' dir='ltr'>quandam,</span> <span class='ocrx_word' id='word_1_58' title='bbox 503 1038 639 1091; x_wconf 88' lang='lat' dir='ltr'>quae</span> <span class='ocrx_word' id='word_1_59' title='bbox 676 1020 1000 1091; x_wconf 88' lang='lat' dir='ltr'>plerumque</span> <span class='ocrx_word' id='word_1_60' title='bbox 1037 1027 1193 1071; x_wconf 85' lang='lat' dir='ltr'>acuta</span> <span class='ocrx_word' id='word_1_61' title='bbox 1231 1018 1509 1072; x_wconf 87' lang='lat' dir='ltr'>interdum</span> <span class='ocrx_word' id='word_1_62' title='bbox 1546 1018 1730 1090; x_wconf 85' lang='lat' dir='ltr'>grauis</span> <span class='ocrx_word' id='word_1_63' title='bbox 1774 1026 1872 1087; x_wconf 87' lang='lat' dir='ltr'>est,</span> <span class='ocrx_word' id='word_1_64' title='bbox 1925 1036 2017 1090; x_wconf 91' lang='lat' dir='ltr'>pe-</span> 
     </span>
     <span class='ocr_line' id='line_1_9' title="bbox 185 1109 2019 1164; baseline -0.001 -1"><span class='ocrx_word' id='word_1_65' title='bbox 185 1111 445 1163; x_wconf 86' lang='lat' dir='ltr'>culiarem</span> <span class='ocrx_word' id='word_1_66' title='bbox 500 1129 629 1164; x_wconf 90' lang='lat' dir='ltr'>sane</span> <span class='ocrx_word' id='word_1_67' title='bbox 675 1129 834 1164; x_wconf 89' lang='lat' dir='ltr'>nemo</span> <span class='ocrx_word' id='word_1_68' title='bbox 885 1111 1102 1163; x_wconf 82' lang='lat' dir='ltr'><strong>dixerit.</strong></span> <span class='ocrx_word' id='word_1_69' title='bbox 1146 1111 1321 1163; x_wconf 88' lang='lat' dir='ltr'>acrius</span> <span class='ocrx_word' id='word_1_70' title='bbox 1376 1111 1557 1164; x_wconf 92' lang='lat' dir='ltr'>locum</span> <span class='ocrx_word' id='word_1_71' title='bbox 1604 1109 1836 1163; x_wconf 90' lang='lat' dir='ltr'>intuenti</span> <span class='ocrx_word' id='word_1_72' title='bbox 1889 1118 1942 1162; x_wconf 90' lang='lat' dir='ltr'>et</span> <span class='ocrx_word' id='word_1_73' title='bbox 1989 1130 2019 1162; x_wconf 90' lang='lat' dir='ltr'>a</span> 
     </span>
     <span class='ocr_line' id='line_1_10' title="bbox 183 1201 2020 1274; baseline -0.001 -20"><span class='ocrx_word' id='word_1_74' title='bbox 183 1201 368 1256; x_wconf 87' lang='lat' dir='ltr'>uerbis</span> <span class='ocrx_word' id='word_1_75' title='bbox 407 1208 537 1268; x_wconf 78' lang='lat' dir='ltr'>quod</span> <span class='ocrx_word' id='word_1_76' title='bbox 560 1221 618 1255; x_wconf 84' lang='lat' dir='ltr'>ea</span> <span class='ocrx_word' id='word_1_77' title='bbox 652 1209 862 1267; x_wconf 75' lang='lat' dir='ltr'>propius</span> <span class='ocrx_word' id='word_1_78' title='bbox 896 1211 1152 1268; x_wconf 74' lang='lat' dir='ltr'>utramque</span> <span class='ocrx_word' id='word_1_79' title='bbox 1178 1211 1246 1255; x_wconf 74' lang='lat' dir='ltr'>est</span> <span class='ocrx_word' id='word_1_80' title='bbox 1264 1202 1632 1274; x_wconf 88' lang='lat' dir='ltr'>proficiscenti</span> <span class='ocrx_word' id='word_1_81' title='bbox 1658 1221 1770 1254; x_wconf 91' lang='lat' dir='ltr'>non</span> <span class='ocrx_word' id='word_1_82' title='bbox 1796 1201 2020 1254; x_wconf 89' lang='lat' dir='ltr'>dubium</span> 
     </span>
     <span class='ocr_line' id='line_1_11' title="bbox 179 1285 2021 1363; baseline 0 -19"><span class='ocrx_word' id='word_1_83' title='bbox 179 1291 278 1346; x_wconf 91' lang='lat' dir='ltr'>tibi</span> <span class='ocrx_word' id='word_1_84' title='bbox 314 1290 590 1345; x_wconf 90' lang='lat' dir='ltr'>uidebitur</span> <span class='ocrx_word' id='word_1_85' title='bbox 631 1290 688 1342; x_wconf 87' lang='lat' dir='ltr'>in</span> <span class='ocrx_word' id='word_1_86' title='bbox 729 1290 912 1343; x_wconf 89' lang='lat' dir='ltr'>uerbis</span> <span class='ocrx_word' id='word_1_87' title='bbox 954 1289 1060 1344; x_wconf 90' lang='lat' dir='ltr'>illis</span> <span class='ocrx_word' id='word_1_88' title='bbox 1101 1285 1366 1363; x_wconf 82' lang='lat' dir='ltr'>suspectis</span> <span class='ocrx_word' id='word_1_89' title='bbox 1422 1290 1629 1360; x_wconf 88' lang='lat' dir='ltr'>aliquid</span> <span class='ocrx_word' id='word_1_90' title='bbox 1682 1291 1749 1344; x_wconf 89' lang='lat' dir='ltr'>de</span> <span class='ocrx_word' id='word_1_91' title='bbox 1787 1291 2021 1345; x_wconf 86' lang='lat' dir='ltr'>transitu</span> 
     </span>
     <span class='ocr_line' id='line_1_12' title="bbox 177 1380 2020 1454; baseline -0.001 -18"><span class='ocrx_word' id='word_1_92' title='bbox 177 1390 367 1437; x_wconf 84' lang='lat' dir='ltr'>acutae</span> <span class='ocrx_word' id='word_1_93' title='bbox 409 1389 462 1434; x_wconf 93' lang='lat' dir='ltr'>et</span> <span class='ocrx_word' id='word_1_94' title='bbox 495 1380 679 1452; x_wconf 86' lang='lat' dir='ltr'>grauis</span> <span class='ocrx_word' id='word_1_95' title='bbox 716 1380 784 1434; x_wconf 90' lang='lat' dir='ltr'>ad</span> <span class='ocrx_word' id='word_1_96' title='bbox 822 1380 1058 1433; x_wconf 89' lang='lat' dir='ltr'>mediam</span> <span class='ocrx_word' id='word_1_97' title='bbox 1108 1388 1167 1432; x_wconf 87' lang='lat' dir='ltr'>ut</span> <span class='ocrx_word' id='word_1_98' title='bbox 1217 1399 1352 1450; x_wconf 89' lang='lat' dir='ltr'>quae</span> <span class='ocrx_word' id='word_1_99' title='bbox 1404 1382 1622 1451; x_wconf 87' lang='lat' dir='ltr'>utrique</span> <span class='ocrx_word' id='word_1_100' title='bbox 1671 1382 1896 1454; x_wconf 86' lang='lat' dir='ltr'>propior</span> <span class='ocrx_word' id='word_1_101' title='bbox 1951 1382 2020 1434; x_wconf 89' lang='lat' dir='ltr'>sit</span> 
     </span>
     <span class='ocr_line' id='line_1_13' title="bbox 142 1471 2016 1545; baseline -0.001 -18"><span class='ocrx_word' id='word_1_102' title='bbox 142 1473 380 1527; x_wconf 85' lang='lat' dir='ltr'>-dietum</span> <span class='ocrx_word' id='word_1_103' title='bbox 417 1473 583 1527; x_wconf 87' lang='lat' dir='ltr'>fuisse</span> <span class='ocrx_word' id='word_1_104' title='bbox 623 1480 676 1526; x_wconf 86' lang='lat' dir='ltr'>et</span> <span class='ocrx_word' id='word_1_105' title='bbox 718 1473 825 1526; x_wconf 86' lang='lat' dir='ltr'>tale</span> <span class='ocrx_word' id='word_1_106' title='bbox 867 1471 996 1544; x_wconf 87' lang='lat' dir='ltr'>quid</span> <span class='ocrx_word' id='word_1_107' title='bbox 1031 1473 1311 1525; x_wconf 88' lang='lat' dir='ltr'>contextui</span> <span class='ocrx_word' id='word_1_108' title='bbox 1340 1473 1707 1526; x_wconf 86' lang='lat' dir='ltr'>necessarium</span> <span class='ocrx_word' id='word_1_109' title='bbox 1747 1491 1883 1527; x_wconf 89' lang='lat' dir='ltr'>esse.</span> <span class='ocrx_word' id='word_1_110' title='bbox 1921 1493 2016 1545; x_wconf 92' lang='lat' dir='ltr'>pu-</span> 
     </span>
     <span class='ocr_line' id='line_1_14' title="bbox 177 1563 2017 1635; baseline -0.001 -17"><span class='ocrx_word' id='word_1_111' title='bbox 177 1565 357 1619; x_wconf 81' lang='lat' dir='ltr'><strong>tabam</strong></span> <span class='ocrx_word' id='word_1_112' title='bbox 389 1564 559 1635; x_wconf 86' lang='lat' dir='ltr'>igitur</span> <span class='ocrx_word' id='word_1_113' title='bbox 588 1585 785 1631; x_wconf 79' lang='lat' dir='ltr'>eamque</span> <span class='ocrx_word' id='word_1_114' title='bbox 823 1573 994 1618; x_wconf 75' lang='lat' dir='ltr'>acutae</span> <span class='ocrx_word' id='word_1_115' title='bbox 1028 1569 1316 1630; x_wconf 77' lang='lat' dir='ltr'>plerumque</span> <span class='ocrx_word' id='word_1_116' title='bbox 1354 1571 1522 1618; x_wconf 72' lang='lat' dir='ltr'>coiisse</span> <span class='ocrx_word' id='word_1_117' title='bbox 1557 1572 1725 1630; x_wconf 75' lang='lat' dir='ltr'>potius</span> <span class='ocrx_word' id='word_1_118' title='bbox 1777 1563 2017 1619; x_wconf 88' lang='lat' dir='ltr'>scriben-</span> 
     </span>
     <span class='ocr_line' id='line_1_15' title="bbox 178 1654 2016 1727; baseline 0 -18"><span class='ocrx_word' id='word_1_119' title='bbox 178 1655 311 1709; x_wconf 87' lang='lat' dir='ltr'>dum</span> <span class='ocrx_word' id='word_1_120' title='bbox 349 1673 486 1725; x_wconf 82' lang='lat' dir='ltr'>esse,</span> <span class='ocrx_word' id='word_1_121' title='bbox 524 1655 621 1708; x_wconf 91' lang='lat' dir='ltr'>sed</span> <span class='ocrx_word' id='word_1_122' title='bbox 664 1674 783 1707; x_wconf 87' lang='lat' dir='ltr'>cum</span> <span class='ocrx_word' id='word_1_123' title='bbox 818 1656 1123 1727; x_wconf 85' lang='lat' dir='ltr'>perfeetum</span> <span class='ocrx_word' id='word_1_124' title='bbox 1163 1673 1427 1726; x_wconf 85' lang='lat' dir='ltr'><strong>nusquam</strong></span> <span class='ocrx_word' id='word_1_125' title='bbox 1463 1654 1520 1707; x_wconf 89' lang='lat' dir='ltr'>in</span> <span class='ocrx_word' id='word_1_126' title='bbox 1544 1655 1646 1707; x_wconf 88' lang='lat' dir='ltr'>hae</span> <span class='ocrx_word' id='word_1_127' title='bbox 1673 1656 2016 1725; x_wconf 77' lang='lat' dir='ltr'>expositione</span> 
     </span>
     <span class='ocr_line' id='line_1_16' title="bbox 185 1745 2015 1818; baseline 0 -18"><span class='ocrx_word' id='word_1_128' title='bbox 185 1754 493 1818; x_wconf 80' lang='lat' dir='ltr'>conpareat,</span> <span class='ocrx_word' id='word_1_129' title='bbox 530 1754 639 1800; x_wconf 86' lang='lat' dir='ltr'>tam</span> <span class='ocrx_word' id='word_1_130' title='bbox 673 1746 784 1798; x_wconf 89' lang='lat' dir='ltr'>leni</span> <span class='ocrx_word' id='word_1_131' title='bbox 813 1746 1056 1798; x_wconf 89' lang='lat' dir='ltr'>remedio</span> <span class='ocrx_word' id='word_1_132' title='bbox 1083 1765 1189 1798; x_wconf 91' lang='lat' dir='ltr'>non</span> <span class='ocrx_word' id='word_1_133' title='bbox 1212 1745 1581 1818; x_wconf 78' lang='lat' dir='ltr'>defungimur,</span> <span class='ocrx_word' id='word_1_134' title='bbox 1620 1746 1717 1799; x_wconf 92' lang='lat' dir='ltr'>sed</span> <span class='ocrx_word' id='word_1_135' title='bbox 1738 1746 2015 1816; x_wconf 87' lang='lat' dir='ltr'>aliquanto</span> 
     </span>
     <span class='ocr_line' id='line_1_17' title="bbox 174 1836 2017 1909; baseline 0.001 -18"><span class='ocrx_word' id='word_1_136' title='bbox 174 1838 400 1892; x_wconf 90' lang='lat' dir='ltr'>liberius</span> <span class='ocrx_word' id='word_1_137' title='bbox 435 1837 848 1909; x_wconf 87' lang='lat' dir='ltr'>procedendum</span> <span class='ocrx_word' id='word_1_138' title='bbox 897 1845 951 1890; x_wconf 90' lang='lat' dir='ltr'>et</span> <span class='ocrx_word' id='word_1_139' title='bbox 988 1838 1064 1890; x_wconf 88' lang='lat' dir='ltr'>sic</span> <span class='ocrx_word' id='word_1_140' title='bbox 1107 1839 1222 1890; x_wconf 93' lang='lat' dir='ltr'>fere</span> <span class='ocrx_word' id='word_1_141' title='bbox 1264 1836 1607 1891; x_wconf 88' lang='lat' dir='ltr'>scribendum</span> <span class='ocrx_word' id='word_1_142' title='bbox 1652 1846 1763 1892; x_wconf 88' lang='lat' dir='ltr'>est:</span> <span class='ocrx_word' id='word_1_143' title='bbox 1818 1859 2017 1906; x_wconf 79' lang='lat' dir='ltr'>eamque</span> 
     </span>
     <span class='ocr_line' id='line_1_18' title="bbox 174 1928 2016 2002; baseline -0.001 -18"><span class='ocrx_word' id='word_1_144' title='bbox 174 1938 344 1984; x_wconf 77' lang='lat' dir='ltr'>acutae</span> <span class='ocrx_word' id='word_1_145' title='bbox 380 1936 684 1984; x_wconf 73' lang='lat' dir='ltr'>coniunctam</span> <span class='ocrx_word' id='word_1_146' title='bbox 713 1934 1006 1996; x_wconf 74' lang='lat' dir='ltr'>plerumque</span> <span class='ocrx_word' id='word_1_147' title='bbox 1043 1950 1142 1984; x_wconf 86' lang='grc'><em>6336</em></span> <span class='ocrx_word' id='word_1_148' title='bbox 1176 1937 1358 1996; x_wconf 64' lang='lat' dir='ltr'>patim,</span> <span class='ocrx_word' id='word_1_149' title='bbox 1412 1949 1515 2002; x_wconf 86' lang='lat' dir='ltr'>qua</span> <span class='ocrx_word' id='word_1_150' title='bbox 1564 1929 1772 1982; x_wconf 89' lang='lat' dir='ltr'>ratione</span> <span class='ocrx_word' id='word_1_151' title='bbox 1821 1928 1865 1982; x_wconf 87' lang='lat' dir='ltr'>si</span> <span class='ocrx_word' id='word_1_152' title='bbox 1905 1948 2016 1983; x_wconf 87' lang='lat' dir='ltr'>non</span> 
     </span>
     <span class='ocr_line' id='line_1_19' title="bbox 173 2020 2016 2094; baseline 0 -20"><span class='ocrx_word' id='word_1_153' title='bbox 173 2021 343 2075; x_wconf 87' lang='lat' dir='ltr'>uerba</span> <span class='ocrx_word' id='word_1_154' title='bbox 392 2027 540 2074; x_wconf 83' lang='lat' dir='ltr'>certe</span> <span class='ocrx_word' id='word_1_155' title='bbox 587 2020 911 2074; x_wconf 88' lang='lat' dir='ltr'>sententiam</span> <span class='ocrx_word' id='word_1_156' title='bbox 961 2021 1244 2094; x_wconf 89' lang='lat' dir='ltr'>scriptoris</span> <span class='ocrx_word' id='word_1_157' title='bbox 1281 2027 1656 2093; x_wconf 84' lang='lat' dir='ltr'>recuperatam</span> <span class='ocrx_word' id='word_1_158' title='bbox 1710 2038 1830 2073; x_wconf 91' lang='lat' dir='ltr'>esse</span> <span class='ocrx_word' id='word_1_159' title='bbox 1882 2021 2016 2074; x_wconf 90' lang='lat' dir='ltr'>mihi</span> 
     </span>
     <span class='ocr_line' id='line_1_20' title="bbox 175 2112 2010 2184; baseline -0.001 -17"><span class='ocrx_word' id='word_1_160' title='bbox 175 2120 257 2167; x_wconf 85' lang='lat' dir='ltr'>est</span> <span class='ocrx_word' id='word_1_161' title='bbox 294 2129 628 2183; x_wconf 84' lang='lat' dir='ltr'>persuasum.</span> <span class='ocrx_word' id='word_1_162' title='bbox 685 2132 854 2165; x_wconf 89' lang='lat' dir='ltr'>unum</span> <span class='ocrx_word' id='word_1_163' title='bbox 891 2112 1109 2184; x_wconf 86' lang='lat' dir='ltr'>quidem</span> <span class='ocrx_word' id='word_1_164' title='bbox 1147 2120 1331 2166; x_wconf 86' lang='lat' dir='ltr'>restat.</span> <span class='ocrx_word' id='word_1_165' title='bbox 1396 2113 1464 2166; x_wconf 89' lang='lat' dir='ltr'>de</span> <span class='ocrx_word' id='word_1_166' title='bbox 1515 2120 1670 2165; x_wconf 88' lang='lat' dir='ltr'>acuta</span> <span class='ocrx_word' id='word_1_167' title='bbox 1710 2112 1827 2166; x_wconf 92' lang='lat' dir='ltr'>sola</span> <span class='ocrx_word' id='word_1_168' title='bbox 1864 2113 2010 2166; x_wconf 89' lang='lat' dir='ltr'>enim</span> 
     </span>
     <span class='ocr_line' id='line_1_21' title="bbox 176 2203 2018 2274; baseline 0.001 -16"><span class='ocrx_word' id='word_1_169' title='bbox 176 2203 394 2273; x_wconf 85' lang='lat' dir='ltr'>dicitur,</span> <span class='ocrx_word' id='word_1_170' title='bbox 433 2204 678 2274; x_wconf 85' lang='lat' dir='ltr'>quamuis</span> <span class='ocrx_word' id='word_1_171' title='bbox 717 2222 788 2256; x_wconf 88' lang='lat' dir='ltr'>ex</span> <span class='ocrx_word' id='word_1_172' title='bbox 823 2204 1176 2274; x_wconf 84' lang='lat' dir='ltr'>sequentibus</span> <span class='ocrx_word' id='word_1_173' title='bbox 1218 2211 1349 2271; x_wconf 78' lang='lat' dir='ltr'>quod</span> <span class='ocrx_word' id='word_1_174' title='bbox 1391 2225 1448 2259; x_wconf 88' lang='grc' dir='ltr'>6α</span> <span class='ocrx_word' id='word_1_175' title='bbox 1494 2212 1709 2271; x_wconf 73' lang='lat' dir='ltr'>propius</span> <span class='ocrx_word' id='word_1_176' title='bbox 1760 2213 2018 2271; x_wconf 75' lang='lat' dir='ltr'>utramque</span> 
     </span>
     <span class='ocr_line' id='line_1_22' title="bbox 174 2294 2011 2368; baseline 0.001 -20"><span class='ocrx_word' id='word_1_177' title='bbox 174 2303 247 2348; x_wconf 71' lang='lat' dir='ltr'>eat</span> <span class='ocrx_word' id='word_1_178' title='bbox 280 2294 406 2348; x_wconf 85' lang='lat' dir='ltr'>satis</span> <span class='ocrx_word' id='word_1_179' title='bbox 437 2295 650 2347; x_wconf 88' lang='lat' dir='ltr'>eluceat</span> <span class='ocrx_word' id='word_1_180' title='bbox 673 2295 888 2364; x_wconf 86' lang='lat' dir='ltr'>utrique</span> <span class='ocrx_word' id='word_1_181' title='bbox 915 2295 1204 2368; x_wconf 85' lang='lat' dir='ltr'>prosodiae</span> <span class='ocrx_word' id='word_1_182' title='bbox 1232 2315 1351 2348; x_wconf 87' lang='lat' dir='ltr'>eam</span> <span class='ocrx_word' id='word_1_183' title='bbox 1369 2295 1682 2368; x_wconf 89' lang='lat' dir='ltr'>propiorem</span> <span class='ocrx_word' id='word_1_184' title='bbox 1709 2314 1828 2350; x_wconf 91' lang='lat' dir='ltr'>esse</span> <span class='ocrx_word' id='word_1_185' title='bbox 1851 2315 2011 2366; x_wconf 88' lang='lat' dir='ltr'>quam</span> 
     </span>
     <span class='ocr_line' id='line_1_23' title="bbox 175 2385 2011 2459; baseline 0.001 -22"><span class='ocrx_word' id='word_1_186' title='bbox 175 2385 333 2438; x_wconf 87' lang='lat' dir='ltr'>alteri</span> <span class='ocrx_word' id='word_1_187' title='bbox 368 2394 578 2438; x_wconf 87' lang='lat' dir='ltr'>acutam</span> <span class='ocrx_word' id='word_1_188' title='bbox 619 2386 776 2439; x_wconf 86' lang='lat' dir='ltr'>alteri</span> <span class='ocrx_word' id='word_1_189' title='bbox 811 2405 1056 2455; x_wconf 84' lang='lat' dir='ltr'>grauem.</span> <span class='ocrx_word' id='word_1_190' title='bbox 1122 2387 1219 2440; x_wconf 90' lang='lat' dir='ltr'>sed</span> <span class='ocrx_word' id='word_1_191' title='bbox 1257 2387 1359 2440; x_wconf 88' lang='lat' dir='ltr'>hoe</span> <span class='ocrx_word' id='word_1_192' title='bbox 1397 2387 1684 2459; x_wconf 88' lang='lat' dir='ltr'>quominus</span> <span class='ocrx_word' id='word_1_193' title='bbox 1723 2408 1753 2440; x_wconf 90' lang='lat' dir='ltr'>a</span> <span class='ocrx_word' id='word_1_194' title='bbox 1788 2387 2011 2441; x_wconf 85' lang='lat' dir='ltr'>librario</span> 
     </span>
     <span class='ocr_line' id='line_1_24' title="bbox 174 2466 2016 2550; baseline 0.002 -21"><span class='ocrx_word' id='word_1_195' title='bbox 174 2466 462 2547; x_wconf 87' lang='lat' dir='ltr'>peccatum</span> <span class='ocrx_word' id='word_1_196' title='bbox 498 2477 739 2547; x_wconf 88' lang='lat' dir='ltr'>mihique</span> <span class='ocrx_word' id='word_1_197' title='bbox 777 2478 1075 2531; x_wconf 84' lang='lat' dir='ltr'>sanandum</span> <span class='ocrx_word' id='word_1_198' title='bbox 1120 2478 1313 2531; x_wconf 83' lang='lat' dir='ltr'>ducam</span> <span class='ocrx_word' id='word_1_199' title='bbox 1343 2479 1683 2550; x_wconf 83' lang='lat' dir='ltr'>excerptoris</span> <span class='ocrx_word' id='word_1_200' title='bbox 1717 2479 2016 2550; x_wconf 90' lang='lat' dir='ltr'>prohibeor</span> 
     </span>
     <span class='ocr_line' id='line_1_25' title="bbox 176 2565 2017 2641; baseline 0.001 -21"><span class='ocrx_word' id='word_1_201' title='bbox 176 2567 438 2636; x_wconf 87' lang='lat' dir='ltr'>socordia,</span> <span class='ocrx_word' id='word_1_202' title='bbox 475 2569 566 2640; x_wconf 86' lang='lat' dir='ltr'>qui</span> <span class='ocrx_word' id='word_1_203' title='bbox 604 2588 735 2622; x_wconf 91' lang='lat' dir='ltr'>num</span> <span class='ocrx_word' id='word_1_204' title='bbox 772 2569 906 2621; x_wconf 87' lang='lat' dir='ltr'>haec</span> <span class='ocrx_word' id='word_1_205' title='bbox 941 2565 1202 2641; x_wconf 81' lang='lat' dir='ltr'>religiose</span> <span class='ocrx_word' id='word_1_206' title='bbox 1259 2577 1319 2622; x_wconf 85' lang='lat' dir='ltr'>ut</span> <span class='ocrx_word' id='word_1_207' title='bbox 1371 2569 1557 2623; x_wconf 89' lang='lat' dir='ltr'>debuit</span> <span class='ocrx_word' id='word_1_208' title='bbox 1608 2571 1883 2623; x_wconf 75' lang='lat' dir='ltr'>rettulerit</span> <span class='ocrx_word' id='word_1_209' title='bbox 1925 2571 2017 2622; x_wconf 93' lang='lat' dir='ltr'>uel</span> 
     </span>
     <span class='ocr_line' id='line_1_26' title="bbox 178 2655 2014 2733; baseline 0.001 -21"><span class='ocrx_word' id='word_1_210' title='bbox 178 2655 395 2713; x_wconf 87' lang='lat' dir='ltr'>omnino</span> <span class='ocrx_word' id='word_1_211' title='bbox 435 2659 773 2713; x_wconf 85' lang='lat' dir='ltr'>intellexerit</span> <span class='ocrx_word' id='word_1_212' title='bbox 807 2660 969 2714; x_wconf 84' lang='lat' dir='ltr'>ualde</span> <span class='ocrx_word' id='word_1_213' title='bbox 1010 2661 1213 2716; x_wconf 87' lang='lat' dir='ltr'>dubito.</span> <span class='ocrx_word' id='word_1_214' title='bbox 1250 2661 1514 2714; x_wconf 87' lang='lat' dir='ltr'>Varronis</span> <span class='ocrx_word' id='word_1_215' title='bbox 1549 2670 1729 2715; x_wconf 87' lang='lat' dir='ltr'>autem</span> <span class='ocrx_word' id='word_1_216' title='bbox 1777 2661 2014 2733; x_wconf 83' lang='lat' dir='ltr'>disputa-</span> 
     </span>
     <span class='ocr_line' id='line_1_27' title="bbox 173 2735 2017 2829; baseline 0.001 -26"><span class='ocrx_word' id='word_1_217' title='bbox 173 2735 378 2810; x_wconf 75' lang='lat' dir='ltr'>tionem</span> <span class='ocrx_word' id='word_1_218' title='bbox 414 2751 553 2804; x_wconf 89' lang='lat' dir='ltr'>hanc</span> <span class='ocrx_word' id='word_1_219' title='bbox 588 2751 756 2805; x_wconf 87' lang='lat' dir='ltr'>fuisse</span> <span class='ocrx_word' id='word_1_220' title='bbox 793 2751 965 2821; x_wconf 84' lang='lat' dir='ltr'>uides,</span> <span class='ocrx_word' id='word_1_221' title='bbox 1008 2772 1129 2805; x_wconf 90' lang='lat' dir='ltr'>cum</span> <span class='ocrx_word' id='word_1_222' title='bbox 1169 2752 1346 2805; x_wconf 85' lang='lat' dir='ltr'>media</span> <span class='ocrx_word' id='word_1_223' title='bbox 1375 2753 1632 2825; x_wconf 86' lang='lat' dir='ltr'>prosodia</span> <span class='ocrx_word' id='word_1_224' title='bbox 1659 2762 1710 2806; x_wconf 91' lang='lat' dir='ltr'>et</span> <span class='ocrx_word' id='word_1_225' title='bbox 1737 2761 1927 2829; x_wconf 86' lang='lat' dir='ltr'>acutae</span> <span class='ocrx_word' id='word_1_226' title='bbox 1964 2759 2017 2804; x_wconf 84' lang='lat' dir='ltr'>et</span> 
     </span>
     <span class='ocr_line' id='line_1_28' title="bbox 171 2842 2014 2916; baseline 0.002 -22"><span class='ocrx_word' id='word_1_227' title='bbox 171 2842 332 2913; x_wconf 81' lang='lat' dir='ltr'>graui</span> <span class='ocrx_word' id='word_1_228' title='bbox 370 2842 596 2914; x_wconf 90' lang='lat' dir='ltr'>propior</span> <span class='ocrx_word' id='word_1_229' title='bbox 632 2842 717 2912; x_wconf 87' lang='lat' dir='ltr'>sit,</span> <span class='ocrx_word' id='word_1_230' title='bbox 756 2862 915 2913; x_wconf 87' lang='lat' dir='ltr'>quam</span> <span class='ocrx_word' id='word_1_231' title='bbox 956 2862 1092 2914; x_wconf 88' lang='lat' dir='ltr'>quae</span> <span class='ocrx_word' id='word_1_232' title='bbox 1115 2846 1334 2916; x_wconf 88' lang='lat' dir='ltr'>utrique</span> <span class='ocrx_word' id='word_1_233' title='bbox 1360 2853 1442 2897; x_wconf 91' lang='lat' dir='ltr'>est</span> <span class='ocrx_word' id='word_1_234' title='bbox 1469 2845 1754 2914; x_wconf 85' lang='lat' dir='ltr'>contraria,</span> <span class='ocrx_word' id='word_1_235' title='bbox 1790 2845 1845 2898; x_wconf 87' lang='lat' dir='ltr'>in</span> <span class='ocrx_word' id='word_1_236' title='bbox 1869 2847 2014 2899; x_wconf 88' lang='lat' dir='ltr'>flexa</span> 
     </span>
     <span class='ocr_line' id='line_1_29' title="bbox 174 2933 2012 3007; baseline 0.001 -20"><span class='ocrx_word' id='word_1_237' title='bbox 174 2933 433 3006; x_wconf 86' lang='lat' dir='ltr'>prosodia</span> <span class='ocrx_word' id='word_1_238' title='bbox 464 2952 658 2987; x_wconf 91' lang='lat' dir='ltr'>uocem</span> <span class='ocrx_word' id='word_1_239' title='bbox 696 2935 1021 3007; x_wconf 86' lang='lat' dir='ltr'>plerumque</span> <span class='ocrx_word' id='word_1_240' title='bbox 1074 2954 1184 2988; x_wconf 85' lang='lat' dir='ltr'>non</span> <span class='ocrx_word' id='word_1_241' title='bbox 1226 2954 1485 3006; x_wconf 86' lang='lat' dir='ltr'>magnum</span> <span class='ocrx_word' id='word_1_242' title='bbox 1538 2936 1691 2988; x_wconf 91' lang='lat' dir='ltr'>illum</span> <span class='ocrx_word' id='word_1_243' title='bbox 1726 2936 2012 2990; x_wconf 80' lang='lat' dir='ltr'>transitum</span> 
     </span>
     <span class='ocr_line' id='line_1_30' title="bbox 173 3025 2010 3098; baseline 0.002 -20"><span class='ocrx_word' id='word_1_244' title='bbox 173 3026 240 3078; x_wconf 86' lang='lat' dir='ltr'>ab</span> <span class='ocrx_word' id='word_1_245' title='bbox 278 3034 432 3079; x_wconf 86' lang='lat' dir='ltr'>acuta</span> <span class='ocrx_word' id='word_1_246' title='bbox 466 3025 531 3078; x_wconf 87' lang='lat' dir='ltr'>ad</span> <span class='ocrx_word' id='word_1_247' title='bbox 569 3044 814 3095; x_wconf 83' lang='lat' dir='ltr'>grauem,</span> <span class='ocrx_word' id='word_1_248' title='bbox 849 3047 879 3079; x_wconf 91' lang='lat' dir='ltr'>a</span> <span class='ocrx_word' id='word_1_249' title='bbox 915 3027 1071 3098; x_wconf 85' lang='lat' dir='ltr'>graui</span> <span class='ocrx_word' id='word_1_250' title='bbox 1109 3027 1178 3079; x_wconf 89' lang='lat' dir='ltr'>ad</span> <span class='ocrx_word' id='word_1_251' title='bbox 1212 3035 1430 3080; x_wconf 88' lang='lat' dir='ltr'>acutam</span> <span class='ocrx_word' id='word_1_252' title='bbox 1472 3027 1672 3096; x_wconf 86' lang='lat' dir='ltr'>facere,</span> <span class='ocrx_word' id='word_1_253' title='bbox 1728 3029 1827 3080; x_wconf 89' lang='lat' dir='ltr'>sed</span> <span class='ocrx_word' id='word_1_254' title='bbox 1864 3029 2010 3082; x_wconf 88' lang='lat' dir='ltr'>hunc</span> 
     </span>
     <span class='ocr_line' id='line_1_31' title="bbox 173 3116 2009 3188; baseline 0.002 -20"><span class='ocrx_word' id='word_1_255' title='bbox 173 3116 439 3170; x_wconf 88' lang='lat' dir='ltr'>minorem</span> <span class='ocrx_word' id='word_1_256' title='bbox 479 3118 544 3170; x_wconf 86' lang='lat' dir='ltr'>ab</span> <span class='ocrx_word' id='word_1_257' title='bbox 579 3125 733 3170; x_wconf 86' lang='lat' dir='ltr'>acuta</span> <span class='ocrx_word' id='word_1_258' title='bbox 767 3117 834 3170; x_wconf 92' lang='lat' dir='ltr'>ad</span> <span class='ocrx_word' id='word_1_259' title='bbox 874 3118 1127 3188; x_wconf 82' lang='lat' dir='ltr'>mediam,</span> <span class='ocrx_word' id='word_1_260' title='bbox 1169 3139 1199 3170; x_wconf 89' lang='lat' dir='ltr'>a</span> <span class='ocrx_word' id='word_1_261' title='bbox 1236 3118 1414 3171; x_wconf 87' lang='lat' dir='ltr'>media</span> <span class='ocrx_word' id='word_1_262' title='bbox 1441 3118 1508 3171; x_wconf 86' lang='lat' dir='ltr'>ad</span> <span class='ocrx_word' id='word_1_263' title='bbox 1532 3120 1833 3188; x_wconf 72' lang='lat' dir='ltr'>graueml).</span> <span class='ocrx_word' id='word_1_264' title='bbox 1875 3137 2009 3188; x_wconf 87' lang='lat' dir='ltr'>quae</span> 
     </span>
    </p>
   </div>
   <div class='ocr_carea' id='block_1_3' title="bbox 175 3339 2013 3640">
    <p class='ocr_par' dir='ltr' id='par_1_3' title="bbox 175 3339 2013 3640">
     <span class='ocr_line' id='line_1_32' title="bbox 343 3339 2011 3397; baseline -0.001 -14"><span class='ocrx_word' id='word_1_265' title='bbox 343 3339 386 3392; x_wconf 92' lang='grc'>1)</span> <span class='ocrx_word' id='word_1_266' title='bbox 419 3339 563 3384; x_wconf 82' lang='lat' dir='ltr'>Recte</span> <span class='ocrx_word' id='word_1_267' title='bbox 599 3341 856 3397; x_wconf 68' lang='lat' dir='ltr'>Rhangen</span> <span class='ocrx_word' id='word_1_268' title='bbox 888 3342 935 3384; x_wconf 83' lang='lat' dir='ltr'>in</span> <span class='ocrx_word' id='word_1_269' title='bbox 973 3341 1262 3385; x_wconf 77' lang='lat' dir='ltr'>Fleckeiseni</span> <span class='ocrx_word' id='word_1_270' title='bbox 1295 3344 1445 3386; x_wconf 83' lang='lat' dir='ltr'>annal.</span> <span class='ocrx_word' id='word_1_271' title='bbox 1483 3343 1598 3385; x_wconf 78' lang='lat'>1859</span> <span class='ocrx_word' id='word_1_272' title='bbox 1634 3357 1676 3396; x_wconf 82' lang='lat' dir='ltr'>p.</span> <span class='ocrx_word' id='word_1_273' title='bbox 1703 3341 1759 3383; x_wconf 69' lang='lat'>49</span> <span class='ocrx_word' id='word_1_274' title='bbox 1795 3340 1868 3391; x_wconf 89' lang='lat' dir='ltr'>(cf.</span> <span class='ocrx_word' id='word_1_275' title='bbox 1904 3355 2011 3382; x_wconf 80' lang='lat' dir='ltr'>eun-</span> 
     </span>
     <span class='ocr_line' id='line_1_33' title="bbox 176 3419 2011 3480; baseline -0.001 -18"><span class='ocrx_word' id='word_1_276' title='bbox 176 3419 283 3463; x_wconf 86' lang='lat' dir='ltr'>dum</span> <span class='ocrx_word' id='word_1_277' title='bbox 319 3419 376 3463; x_wconf 87' lang='lat' dir='ltr'>de</span> <span class='ocrx_word' id='word_1_278' title='bbox 405 3435 599 3476; x_wconf 86' lang='lat' dir='ltr'>gramm.</span> <span class='ocrx_word' id='word_1_279' title='bbox 634 3423 714 3466; x_wconf 83' lang='lat' dir='ltr'>lat.</span> <span class='ocrx_word' id='word_1_280' title='bbox 747 3423 1011 3479; x_wconf 80' lang='lat' dir='ltr'>praeceptis</span> <span class='ocrx_word' id='word_1_281' title='bbox 1052 3437 1166 3480; x_wconf 87' lang='lat' dir='ltr'>quae</span> <span class='ocrx_word' id='word_1_282' title='bbox 1211 3424 1270 3466; x_wconf 87' lang='lat' dir='ltr'>ad</span> <span class='ocrx_word' id='word_1_283' title='bbox 1302 3427 1545 3467; x_wconf 83' lang='lat' dir='ltr'>accentum</span> <span class='ocrx_word' id='word_1_284' title='bbox 1578 3423 1792 3477; x_wconf 84' lang='lat' dir='ltr'>spectant</span> <span class='ocrx_word' id='word_1_285' title='bbox 1820 3435 1866 3475; x_wconf 80' lang='lat' dir='ltr'>p.</span> <span class='ocrx_word' id='word_1_286' title='bbox 1895 3419 1920 3459; x_wconf 78' lang='lat'><strong><em>6</em></strong></span> <span class='ocrx_word' id='word_1_287' title='bbox 1946 3435 2011 3473; x_wconf 79' lang='lat' dir='ltr'>sq.</span> 
     </span>
     <span class='ocr_line' id='line_1_34' title="bbox 176 3498 2013 3559; baseline 0 -18"><span class='ocrx_word' id='word_1_288' title='bbox 176 3498 428 3543; x_wconf 85' lang='lat' dir='ltr'>Lucianum</span> <span class='ocrx_word' id='word_1_289' title='bbox 462 3501 735 3546; x_wconf 88' lang='lat' dir='ltr'>Muellerum</span> <span class='ocrx_word' id='word_1_290' title='bbox 772 3503 828 3546; x_wconf 82' lang='lat' dir='ltr'>de</span> <span class='ocrx_word' id='word_1_291' title='bbox 861 3517 911 3546; x_wconf 87' lang='lat' dir='ltr'>re</span> <span class='ocrx_word' id='word_1_292' title='bbox 942 3506 1076 3546; x_wconf 79' lang='lat' dir='ltr'>metr.</span> <span class='ocrx_word' id='word_1_293' title='bbox 1110 3507 1233 3558; x_wconf 83' lang='lat' dir='ltr'>poet.</span> <span class='ocrx_word' id='word_1_294' title='bbox 1265 3504 1344 3546; x_wconf 82' lang='lat' dir='ltr'>lat..</span> <span class='ocrx_word' id='word_1_295' title='bbox 1380 3518 1423 3559; x_wconf 80' lang='lat' dir='ltr'>p.</span> <span class='ocrx_word' id='word_1_296' title='bbox 1442 3501 1544 3558; x_wconf 85' lang='lat'><strong>373)</strong></span> <span class='ocrx_word' id='word_1_297' title='bbox 1579 3501 1700 3544; x_wconf 80' lang='lat' dir='ltr'>huuc</span> <span class='ocrx_word' id='word_1_298' title='bbox 1729 3501 1882 3543; x_wconf 86' lang='lat' dir='ltr'>locum</span> <span class='ocrx_word' id='word_1_299' title='bbox 1914 3513 2013 3542; x_wconf 89' lang='lat' dir='ltr'>cor-</span> 
     </span>
     <span class='ocr_line' id='line_1_35' title="bbox 175 3579 2012 3640; baseline 0 -18"><span class='ocrx_word' id='word_1_300' title='bbox 175 3581 495 3635; x_wconf 74' lang='lat' dir='ltr'>mptum-esse·</span> <span class='ocrx_word' id='word_1_301' title='bbox 526 3579 659 3638; x_wconf 72' lang='lat' dir='ltr'>uidit,</span> <span class='ocrx_word' id='word_1_302' title='bbox 693 3582 772 3627; x_wconf 79' lang='lat' dir='ltr'>scd</span> <span class='ocrx_word' id='word_1_303' title='bbox 803 3595 863 3625; x_wconf 82' lang='lat' dir='ltr'>ex</span> <span class='ocrx_word' id='word_1_304' title='bbox 892 3581 1063 3639; x_wconf 75' lang='lat' dir='ltr'>ineptis</span> <span class='ocrx_word' id='word_1_305' title='bbox 1095 3581 1250 3627; x_wconf 83' lang='lat' dir='ltr'>uerbis</span> <span class='ocrx_word' id='word_1_306' title='bbox 1274 3584 1432 3639; x_wconf 72' lang='lat' dir='ltr'>inepta</span> <span class='ocrx_word' id='word_1_307' title='bbox 1455 3582 1687 3640; x_wconf 78' lang='lat' dir='ltr'>conligere</span> <span class='ocrx_word' id='word_1_308' title='bbox 1708 3592 1846 3640; x_wconf 72' lang='lat' dir='ltr'>quani</span> <span class='ocrx_word' id='word_1_309' title='bbox 1863 3592 2012 3624; x_wconf 84' lang='lat' dir='ltr'>emen·</span> 
     </span>
    </p>
   </div>
  </div>
 </body>
</html>
