2372 4082
1162 345 1262 395 195

291 504 441 550 ctum
480 496 554 549 ait
593 517 623 549 a
658 495 776 551 fetu
813 504 868 550 et
908 496 1059 566 quasi
1093 495 1318 550 afetura
1354 495 1584 567 quadam
1620 493 1884 565 pecuniae
1917 492 2129 564 parien—

290 587 358 641 tis
394 593 557 657 atque
597 587 972 642 increscentis,
1045 585 1250 639 idcirco
1301 592 1355 637 et
1393 585 1467 639 M.
1513 583 1778 637 Catonem
1822 590 1877 636 et
1914 590 2125 638 ceteros

292 661 480 731 aetatis
519 677 632 731 eius
666 679 1031 731 feneratorem
1069 675 1186 728 sine
1212 675 1267 727 A
1302 674 1484 727 litte-ra
1528 674 1908 746 pronuntiasse
1942 674 2127 743 tradit,

289 767 447 821 sicuti
481 768 623 822 fetus
661 768 780 841 ipse
824 775 877 820 et
913 764 1221 820 fecunditas
1261 764 1552 837 appellata.

157 923 186 969 5
233 923 292 975 63
430 918 738 990 Vtrumque
785 917 1042 972 mulieres
1091 926 1145 971 et
1196 916 1512 988 epicrocum
1545 915 1657 994 uiri
1710 933 1926 987 quoque
1977 915 2128 969 habi-

292 1013 492 1062 tarunt.

1141 1197 1260 1252 IIII

207 1319 295 1371 64*
434 1307 744 1379 Rhythmus
802 1315 883 1363 est
933 1308 1138 1381 pedum
1182 1316 1599 1382 temporumque
1653 1309 1908 1363 iunctura
1959 1309 2130 1364 uelox

291 1483 545 1529 uerborum
577 1497 604 1526 a
634 1482 815 1540 graecis
847 1484 1122 1537 tractorum,
1152 1496 1245 1526 non
1279 1496 1428 1539 pauca
1449 1481 1605 1526 hercle
1637 1481 1753 1527 dicit
1785 1482 1965 1527 curiose
1995 1486 2043 1528 et
2062 1498 2133 1528 sa-

293 1543 474 1601 gaciter
508 1542 765 1598 conquisita
795 1557 946 1598 neque
980 1556 1075 1585 non
1105 1545 1262 1586 tamen
1296 1542 1522 1598 quaedam
1551 1541 1706 1586 futilia
1743 1546 1791 1586 et
1820 1542 1990 1586 friuola
2025 1573 2035 1584 .
2072 1578 2082 1587 .
2119 1578 2128 1587 .

294 1602 344 1646 in
373 1602 497 1646 libro
531 1605 698 1658 quarto
732 1600 1027 1646 ‘faenerator‘
1058 1600 1211 1657 inquit
1246 1602 1519 1659 ‘appellatus
1559 1604 1631 1645 est
1680 1601 1809 1658 quasi
1842 1598 2129 1661 φαινεράτωρ

293 1658 388 1705 ἀπὸ
421 1662 500 1704 τοῦ
531 1665 785 1721 φαίνεσθαι
818 1663 896 1705 ἐπὶ
922 1657 973 1704 τὸ
1003 1656 1324 1718 χρηστότερον,
1363 1661 1580 1718 quoniam
1618 1661 1668 1704 id
1702 1675 1847 1718 genus
1888 1661 2130 1706 hominum

295 1720 498 1779 speciem
529 1723 765 1764 ostentent
792 1720 1095 1764 humanitatis
1127 1723 1174 1763 et
1208 1720 1439 1764 commodi
1484 1734 1584 1764 esse
1625 1720 1875 1764 uideantur
1915 1721 2131 1778 inopibus

296 1793 507 1825 nummos
553 1779 942 1825 desiderantibus’
985 1779 1124 1835 idque
1171 1779 1342 1823 dixisse
1393 1780 1459 1823 ait
1498 1779 1822 1836 Hypsicratem
1868 1781 2131 1837 quempiam

298 1839 665 1901 grammaticum,
697 1839 827 1883 cuius
862 1838 972 1883 libri
1003 1853 1111 1882 sane
1147 1839 1326 1882 nobiles
1361 1843 1470 1882 sunt
1503 1853 1642 1895 super
1674 1840 1760 1894 his,
1795 1853 1911 1895 quae
1944 1855 1971 1883 a
2001 1854 2132 1897 grae-

298 1899 364 1944 cis
394 1902 588 1956 accepta
623 1902 742 1941 sunt.
804 1898 901 1942 siue
933 1897 1021 1941 hoc
1043 1901 1195 1941 autem
1214 1898 1315 1954 ipse
1339 1897 1542 1942 Cloatius
1575 1898 1672 1942 siue
1691 1899 1848 1942 nescio
1882 1899 1981 1955 quis
2014 1900 2131 1942 alius

301 1958 472 2003 nebulo
506 1957 724 2012 effutiuit,
756 1957 871 2000 nihil
905 1960 1065 2013 potest
1105 1957 1197 2001 dici
1226 1958 1459 2002 insulsius.
1511 1957 1864 2016 faenerator
1906 1958 2030 2001 enim
2063 1958 2131 2014 si·

295 2017 473 2062 cuti.
505 2051 515 2061 .
551 2052 560 2061 .
593 2016 936 2060 fecunditas
969 2017 1298 2073 appellata.
1360 2016 1479 2060 Non.
1502 2032 1547 2073 p.
1566 2016 1647 2060 54:
1684 2017 1847 2060 faenus
1878 2017 1936 2061 ab
1970 2032 2024 2061 eo
2061 2016 2130 2061 di-

297 2079 425 2121 ctum
459 2079 543 2131 est,
579 2076 702 2132 quod
732 2076 975 2132 pecuniam
1006 2076 1159 2146 pariat
1190 2076 1469 2119 inorescenti
1488 2079 1700 2132 tempore
1733 2077 1864 2132 quasi
1891 2077 2012 2120 fetus
2049 2078 2131 2119 aut

291 2135 478 2181 fetura..⁴
527 2149 636 2179 narn
677 2138 727 2179 et
766 2149 934 2192 graece
964 2151 1097 2183 τοκος
1126 2134 1299 2179 dicitur
1330 2132 1423 2178 ἀπὸ
1456 2136 1534 2178 τοῦ
1563 2139 1740 2189 τίκτειν,
1791 2136 1915 2191 quod
1947 2140 2019 2180 est
2049 2148 2128 2192 pa-

292 2209 411 2240 rere.
475 2194 662 2239 Varro
696 2195 818 2238 libro
850 2195 916 2237 llI
947 2195 1004 2239 de
1039 2194 1184 2238 latino
1221 2209 1454 2238 sermone:
1491 2194 1653 2238 foenus
1696 2197 1850 2238 autem
1892 2196 2070 2239 dictum
2101 2207 2129 2238 a

290 2253 437 2310 foetu,
470 2257 518 2298 et
547 2254 678 2310 quasi
703 2254 888 2297 foetura
919 2253 1116 2311 quadam
1139 2253 1382 2306 (foetur-am
1406 2253 1638 2310 quandam
1664 2254 1730 2309 W)
1751 2255 1989 2311 pecuniae.
2021 2265 2129 2298 nam

293 2319 342 2357 ct
359 2314 583 2358 Catonem
615 2317 662 2357 et
691 2317 871 2357 ceteros
909 2313 1192 2368 antiquiores
1229 2312 1329 2356 sine
1348 2313 1389 2357 A
1420 2314 1580 2357 littera
1610 2313 1771 2356 faenus
1803 2314 2128 2370 pronuntiasse

293 2373 547 2424 contendit,
580 2377 634 2416 ut
666 2372 786 2416 fetus
819 2376 867 2416 et
895 2372 1169 2417 fecunditas,
1222 2376 1278 2427 cf.
1297 2373 1430 2415 Varr.
1451 2372 1508 2416 de
1532 2373 1562 2415 1.
1579 2373 1608 2416 l.
1626 2372 1784 2416 V1196
1812 2388 1854 2430 p.
1869 2372 1971 2417 373.
2003 2373 2126 2417 Fest.

293 2431 426 2477 Pauli
459 2447 503 2488 p.
522 2432 602 2476 86:
639 2431 770 2475 fenus
807 2436 854 2475 et
884 2432 1170 2475 feneratores
1203 2434 1252 2474 et
1284 2432 1360 2476 lex
1391 2431 1447 2474 de
1485 2432 1666 2476 credita
1693 2433 1889 2488 pecunia
1919 2432 2126 2476 fenebris

294 2505 322 2535 a
349 2491 451 2535 fetu
480 2492 620 2544 dicta,
652 2491 778 2546 quod
809 2491 978 2535 crediti
1009 2491 1185 2534 nummi
1219 2490 1332 2534 alios
1361 2491 1547 2548 pariant
1584 2494 1638 2535 ut
1671 2490 1795 2548 apud
1830 2506 2022 2548 graecos
2054 2505 2127 2535 ea-

292 2550 400 2595 dem
434 2565 509 2595 res
538 2545 671 2597 τόκος
705 2550 891 2595 dicitur.
953 2555 1009 2606 cf.
1042 2565 1089 2606 p.
1109 2550 1194 2593 94:
1223 2550 1368 2593 fenus,
1894 2563 1904 2574 ·

460 2629 530 2674 63.
589 2629 707 2674 Non.
746 2645 790 2687 p.
808 2631 918 2675 318:
963 2631 1186 2675 Habitare
1230 2633 1301 2674 est
1333 2630 1596 2675 inhabitare
1626 2629 1799 2674 habere
1833 2629 1917 2675 uti.
1977 2630 2126 2675 Varro

295 2692 347 2733 de
378 2703 591 2734 sermone
621 2690 767 2734 latino
797 2690 917 2734 libro
949 2690 1038 2733 111:
1075 2694 1389 2746 utrumque
1423 2723 1433 2734 .
1464 2725 1473 2734 .
1508 2724 1517 2734 .
1552 2690 1924 2735 habitarunt.

457 2766 556 2810 64*.
616 2766 732 2810 Mar.
768 2766 889 2810 Vict.
924 2767 946 2810 I
980 2767 1050 2821 10,
1083 2767 1107 2811 1
1139 2767 1322 2826 p.2484
1335 2767 1409 2811 P.:
1441 2767 1664 2823 Rhythmi
1697 2767 1829 2825 origo
1866 2767 1923 2812 de
1954 2767 2046 2813 arsi
2080 2771 2130 2813 et

293 2825 418 2870 thesi
444 2840 632 2870 manare
663 2827 936 2870 dinoscitur.
999 2841 1108 2870 nam
1140 2826 1444 2882 rhythmus
1479 2831 1571 2871 est
1600 2860 1609 2869 .
1650 2859 1659 2868 .
1694 2862 1704 2871 .
1736 2842 2008 2871 numerus
2040 2827 2127 2872 di-

292 2885 463 2930 citur.
526 2885 677 2929 Diom.
709 2900 754 2942 p.
773 2885 874 2940 473,
907 2885 988 2929 21:
1027 2885 1268 2942 rhythmus
1301 2889 1372 2930 est
1407 2887 1576 2942 pedum
1624 2890 1983 2943 temporumque
2029 2887 2128 2931 iun-

293 2948 429 2990 ctura
464 2959 568 2989 cum
597 2945 788 2989 leuitate
822 2945 920 2988 sine
950 2946 1101 2989 modo.
1137 2945 1383 3002 Augustin.
1415 2945 1472 2989 de
1502 2946 1679 2990 musica
1710 2945 1777 2989 111
1795 2947 1835 3001 1,
1854 2946 1896 2989 2.
1925 2946 1947 2989 1
1975 2959 2019 3002 p.
2039 2946 2127 2990 581

296 3004 368 3048 ed.
401 3018 558 3062 congr.
591 3004 636 3049 S.
667 3004 838 3048 Mauri:
881 3005 1099 3061 quoniam
1139 3008 1328 3061 oportet
1370 3005 1595 3063 distingui
1629 3006 1770 3050 etiam
1799 3006 2040 3049 uocabulis
2073 3020 2127 3049 ea

294 3077 410 3166 thae
440 3077 492 3107 re
525 3065 582 3108 ab
617 3078 666 3108 se
702 3064 924 3108 distincta
954 3068 1073 3119 sunt,
1106 3065 1224 3108 scias
1255 3065 1374 3108 illud
1404 3066 1615 3121 superius
1632 3080 1778 3122 genus
1812 3064 2123 3121 copulationis

291 3136 317 3166 1·
349 3122 558 3179 ythmum
590 3137 617 3166 a
648 3125 843 3180 graecis,
874 3123 962 3167 hoc
995 3127 1152 3167 autem
1174 3124 1372 3167 alterum
1392 3130 1592 3167 metrum
1615 3124 1790 3179 uocari,
1807 3124 1952 3167 latine
1970 3127 2126 3167 autem

291 3181 386 3226 dici
418 3187 611 3239 possent
632 3182 751 3226 illud
781 3196 1014 3238 numerus,
1051 3183 1139 3226 hoc
1169 3183 1348 3227 mensio
1382 3183 1458 3227 uel
1490 3197 1722 3227 mensura.
1789 3182 1871 3226 sed
1913 3184 2129 3238 quoniam

290 3239 406 3285 haec
435 3241 560 3299 apud
589 3255 674 3286 nos
703 3242 891 3285 nomina
919 3242 1014 3285 late
1049 3245 1214 3298 patent
1245 3245 1294 3285 et
1325 3242 1584 3286 cauendum
1615 3247 1701 3298 est,
1733 3255 1792 3285 ne
1823 3242 2038 3297 ambigue
2062 3242 2128 3285 lo-

367 3434 373 3440 ·
461 3410 486 3454 1
532 3409 604 3454 ait
634 3423 726 3457 om.
764 3409 813 3457 L
836 3408 860 3464 ΙΙ
885 3408 949 3468 ad
990 3408 1096 3474 fetu
1137 3407 1186 3455 L
1211 3402 1234 3470 ΙΙ
1257 3409 1462 3473 pecunie
1495 3408 1546 3455 L
1580 3407 1785 3471 pecunie
1813 3399 1900 3470 VH
1926 3408 1955 3453 2
1992 3409 2043 3453 et
2076 3408 2128 3454 in

295 3477 579 3524 catoneinne
611 3482 797 3525 ceteros
831 3479 880 3526 L
903 3480 928 3536 ΙΙ
954 3479 981 3525 3
1026 3479 1172 3524 etatis
1220 3478 1307 3535 Vll
1330 3478 1432 3527 sine
1465 3475 1528 3538 A]
1560 3479 1605 3525 A
1647 3492 1737 3526 om.
1786 3477 1833 3526 V
1852 3470 1879 3540 ΙΙ
1914 3492 2128 3540 pronun-

296 3547 447 3594 ciasse
483 3547 532 3595 L
554 3543 576 3611 Η
598 3547 872 3619 fecunditas
909 3548 959 3596 L
982 3549 1007 3605 ΙΙ
1462 3548 1464 3551 ’
