2280 4088
1066 326 1163 372 109

199 473 482 530 articulum
506 490 807 546 pronomen
843 471 1304 544 praepositionem
1327 469 1665 526 ‚aduerbium
1704 470 2037 524 coniunctio-

188 572 324 620 'nem
363 565 454 634 (cf.
492 565 680 637 Apoll.
726 564 795 617 de
834 570 1033 617 constr.
1073 563 1103 616 I
1135 565 1168 616 3
1206 581 1258 634 p.
1284 561 1349 614 10
1381 562 1604 630 Bekk.).
1676 562 1773 615 sed
1810 562 1916 615 hoc
1957 562 2036 614 in-

199 648 408 712 certum
447 663 546 725 est,
586 654 793 708 etiamsi
832 672 862 707 e
900 653 1052 706 libris
1085 653 1152 705 de
1190 652 1378 723 lingua
1415 652 1582 705 latina
1621 660 1674 704 et
1710 652 2030 722 quibusdam

197 749 316 803 aliis
353 747 677 802 testimoniis
714 753 941 814 constat,
977 745 1269 816 plerasque
1304 743 1812 797 Alexandrinorum
1847 751 2030 816 partes

199 841 250 893 ei
269 847 425 893 notas
448 839 632 892 fuisse.
675 838 732 891 in
757 845 1009 909 quattuor
1030 843 1209 908 partes
1232 853 1356 888 eum
1382 835 1683 888 orationem
1703 835 1761 889 in
1781 835 1937 890 libris
1963 835 2032 889 de

195 931 294 985 1.1.
333 930 585 984 diuisisse
624 948 788 1002 supra
829 928 904 1000 (p.
927 927 1019 997 28)
1054 927 1312 999 exposui:
1352 927 1617 981 uocabula
1657 945 1796 999 quae
1831 928 2036 981 habent

198 1013 369 1092 casus,
407 1038 544 1094 quae
581 1028 847 1091 tempora,
889 1036 1026 1089 quae
1060 1026 1374 1089 utrumque,
1421 1036 1560 1088 quae
1598 1026 1870 1086 neutrum,
1910 1036 2036 1089 qua-

201 1132 324 1168 rum
380 1121 491 1166 tres
545 1112 758 1182 primes
814 1110 1149 1183 respondent
1201 1109 1592 1163 Alexandrinis
1650 1118 2031 1183 praeterquam

199 1203 364 1290 quod
397 1203 573 1276 prima
631 1202 791 1255 etiam
850 1202 1106 1255 articulos
1164 1210 1218 1254 et
1273 1202 1596 1273 pronomina
1651 1202 2035 1273 conplectitur,

198 1285 386 1366 quarta
401 1286 668 1347 Varronis
694 1293 1194 1346 Alexandrinorum
1224 1294 1685 1365 praepositionem
1717 1293 2036 1347 aduerbium

198 1385 633 1439 coniunctionem
660 1384 1073 1457 conprehendit.
1115 1385 1254 1437 hanc
1278 1384 1600 1438 diuisionem
1623 1394 1843 1439 secutus
1864 1404 2038 1456 pauca

197 1492 336 1548 quae
362 1475 530 1529 -huius
567 1475 788 1545 generis
826 1483 1014 1528 extant
1047 1493 1380 1547 percurram,
1421 1476 1621 1529 deinde
1644 1497 1775 1530 num
1804 1476 2037 1530 eandem

198 1557 574 1638 disputationis
610 1585 739 1619 suae
768 1566 1177 1620 fundamentum
1202 1567 1375 1620 Varro
1414 1585 1533 1620 esse
1567 1568 1803 1621 uoluerit
1839 1569 2036 1621 dicam.

362 1657 582 1711 Primae
618 1657 804 1712 classis
840 1658 1040 1731 ‘partes
1080 1667 1204 1712 sunt
1242 1667 1515 1728 quattuor,
1572 1678 1600 1712 c
1658 1660 1776 1730 quis
1827 1660 1969 1714 dicta
2008 1680 2040 1713 a

200 1749 519 1822 quibusdam
554 1750 922 1823 prouocabula
959 1770 1094 1821 quae
1137 1760 1262 1805 sunt
1303 1760 1363 1805 ut
1401 1753 1519 1825 quis
1559 1772 1714 1823 quae,
1773 1754 2040 1807 uocabula

198 1848 269 1894 ut¹
294 1848 504 1896 scutum
541 1840 802 1912 gladium,
841 1843 1062 1894 nomina
1091 1850 1151 1894 ut
1170 1842 1432 1896 Romulus
1454 1844 1675 1914 Remus,
1715 1845 2041 1917 pronomina

197 1939 264 1986 ut*
289 1933 378 1986 hie
412 1933 565 1986 haec.
607 1933 715 1987 duo
752 1932 933 1985 media
968 1933 1221 1987 dicuntur
1261 1935 1586 2006 nominatus,
1634 1937 1809 2007 prima
1848 1945 1902 1990 et
1938 1954 2033 1990 ex-

198 2030 371 2080 trema
403 2009 632 2079 articuli.
667 2025 903 2096 primum
948 2043 1125 2094 genus
1174 2034 1255 2080 est
1291 2027 1582 2096 infinitum,
1633 2028 1931 2082 secundum
1981 2035 2042 2081 ut

198 2109 493 2184 infinitum,
521 2115 741 2169 tertium
784 2123 865 2168 est
904 2115 1135 2185 finitum,
1183 2125 1434 2188 quartum
1470 2127 1530 2171 ut
1566 2119 1812 2174 finitum’.
1836 2119 1876 2184 ¹)
1948 2138 2041 2172 no—

203 2205 350 2260 mina
388 2213 443 2259 et
475 2206 759 2273 uocabula,
801 2224 938 2275 quae
979 2206 1116 2260 duae
1142 2207 1390 2261 diuersae
1421 2209 1678 2262 orationis
1708 2218 1891 2281 partes
1914 2210 2041 2264 stoi·

205 2299 495 2370 cimex-ant,
533 2300 651 2353 sine
689 2300 852 2354 dubio
894 2300 951 2353 in
991 2301 1344 2370 grammatica
1379 2319 1594 2373 quoque
1634 2301 1900 2355 distinxit.
1975 2300 2044 2354 ad

203 2391 435 2445 alterum
484 2410 658 2462 genus
713 2391 849 2446 duae
909 2399 1154 2464 spectant
1202 2392 1726 2446 obseruatiunculae.
1802 2393 2039 2465 primum

205 2482 352 2536 enim
387 2483 670 2555 praecepit
709 2479 798 2552 (fr.
824 2484 914 2553 97)
969 2490 1066 2538 laet
1119 2484 1176 2536 in
1211 2483 1556 2538 ‘nominatiuo
1608 2485 1717 2537 dici
1752 2484 1975 2554 debere,
1996 2484 2042 2553 2)

204 2574 358 2628 errius
392 2575 681 2645 genetiuus
718 2574 786 2628 sit
820 2581 976 2629 laetis.
1061 2594 1386 2647 quamquam
1420 2574 1564 2629 enim
1602 2577 1814 2630 Probus
1852 2575 2044 2629 scribit

206 2665 425 2736 (ca-thol.
461 2666 490 2719 I
525 2684 578 2738 p.
605 2667 653 2736 7,
678 2667 711 2719 3
733 2666 860 2733 K.):
909 2687 935 2721 c
975 2672 1139 2720 littera
1163 2686 1165 2688 ·
1186 2687 1339 2721 unum
1381 2688 1555 2723 nomen
1589 2677 1840 2734 reperitur
1881 2675 2045 2722 termi-

202 2748 371 2816 mitem
397 2769 591 2829 yeneris
625 2769 789 2815 neutri
824 2767 1166 2816 declinationis
1204 2770 1388 2826 tertiae,
1426 2770 1473 2817 is
1501 2771 1629 2817 emim
1647 2767 1771 2827 facit
1793 2770 2014 2831 qenetiuo
2031 2784 2047 2816 .·

124 2851 127 2854 ’
203 2857 307 2907 hoc
329 2858 418 2908 lac*
443 2859 597 2907 laetis.
638 2859 840 2920 quidam
873 2862 1054 2920 putant
1086 2860 1175 2908 hoe
1210 2859 1307 2907 laet
1342 2859 1515 2908 debere
1551 2860 1664 2918 diei,
1704 2861 1791 2908 sed
1822 2874 1921 2908 non
1951 2860 2047 2921 leqi

201 2949 303 3046 atsi
334 2949 388 2998 in
436 2951 658 3000 Varrone
693 2951 752 2999 de
789 2951 958 3014 linqua
993 2951 1165 3009 latina,
1205 2952 1259 2998 et
1296 2944 1630 3017 Spengelius
1660 2945 1931 3017 philologi
1958 2944 2046 2998 XI

206 3133 283 3158 ³³³³³

235 3223 237 3225 ¹
270 3203 277 3210 ·
367 3173 416 3231 1)
449 3157 503 3217 In
519 3173 610 3218 hoc
627 3173 731 3218 loco
761 3173 835 3231 (de
865 3172 944 3216 Ll.
959 3172 1067 3217 VIII
1089 3172 1147 3216 45
1179 3187 1223 3230 p.
1239 3170 1330 3215 424
1351 3171 1434 3228 sq.)
1465 3170 1712 3215 scribendo
1746 3163 2045 3227 Spengelium

187 3224 258 3296 'eizv
279 3231 590 3311 Augustinum
621 3253 678 3298 ab
712 3268 766 3298 eo
795 3254 1033 3297 laudatum
1063 3267 1242 3309 sequor.

370 3333 418 3390 2)
452 3333 509 3378 cf.
542 3333 614 3377 W.
646 3333 876 3377 Freund
864 3349 914 3376 1n
943 3332 1074 3376 Iahni
1106 3333 1255 3376 annal.
1289 3331 1329 3375 V
1362 3331 1475 3374 1832
1509 3347 1552 3387 p.
1577 3330 1676 3374 100.
1716 3329 1899 3374 Bitschl
1933 3344 2042 3374 nou.

205 3423 322 3456 mus.
350 3412 422 3457 rh.
440 3412 526 3456 VII
545 3426 590 3470 p.
610 3413 698 3458 606
724 3427 792 3469 sq.
823 3413 880 3456 H.
896 3411 1111 3456 Wentzel
1141 3412 1286 3468 symb.
1313 3412 1417 3455 crit.
1453 3410 1512 3454 ad
1542 3410 1648 3454 hist.
1685 3423 1770 3454 scr.
1803 3409 1874 3453 rei
1904 3412 2041 3453 metr.

210 3489 293 3536 lat.
321 3506 369 3548 p.
386 3492 462 3536 33.
516 3493 548 3536 Ι.
563 3493 743 3537 Vahlen
776 3493 894 3537 anal.
928 3492 1047 3536 Non.
1080 3507 1125 3549 p.
1146 3492 1216 3536 10.
1261 3491 1315 3536 L.
1340 3491 1537 3534 Mueller
1571 3489 1629 3534 de
1660 3504 1712 3533 re
1745 3492 1879 3533 metr.
1917 3492 2042 3546 poet.

205 3573 365 3631 latsp.
384 3574 484 3619 379.
517 3575 587 3621 W.
607 3577 803 3621 Corssen
838 3576 946 3620 krit.
978 3575 1115 3619 beitr.
1146 3590 1184 3618 z.
1216 3574 1297 3618 lat.
1335 3571 1548 3616 formenl.
1581 3585 1627 3628 p.
1646 3569 1750 3615 578.
