2280 4088
1060 336 1156 382 133

186 481 487 536 Mommsen
523 481 557 534 l.
584 502 624 534 S.
648 502 698 554 p.
721 479 839 534 358.
882 481 950 533 de
989 480 1199 550 diphth.
1222 501 1274 552 p.
1299 481 1422 533 127:
1464 502 1522 536 ae
1559 491 1671 536 ante
1707 489 1740 535 d
1777 489 2027 547 reperitur

183 580 236 627 in
270 578 413 626 aedes
441 579 572 639 quod
591 580 651 626 ab
690 579 874 628 edendo
909 579 1174 627 secundum
1203 579 1471 627 Varronem
1498 579 1776 626 deriuatum
1800 582 1868 626 est
1897 591 2023 625 con—

185 662 305 716 latis
343 663 409 715 de
430 664 587 717 l.l.V
611 665 710 716 160
745 664 918 736 p.160
949 671 1093 718 aedes
1126 670 1186 717 ab
1224 670 1363 717 aditu
1402 669 1532 729 quod
1567 670 1718 728 plano
1753 670 1880 729 pede
1921 671 2026 718 adi-

183 761 301 808 bant
335 754 681 807 scribendum
725 762 806 808 est
854 763 914 810 ab
953 755 1246 814 adeund03).
1319 774 1370 826 p.
1405 754 1502 807 129
1542 753 1729 807 scribit
1774 775 1856 809 aes
1893 763 2024 809 aeris

183 850 313 910 quod
349 851 558 899 Marcus
607 852 762 900 Varro
799 853 859 900 ab
897 866 1020 914 asse,
1070 851 1159 899 alii
1205 852 1264 899 ab
1322 853 1436 899 auri
1475 852 1795 900 similitudine
1843 853 2024 900 dietum

181 944 372 1002 putant,
410 943 595 989 eontra
633 937 807 990 Varro
847 937 900 988 V
922 937 1020 991 169
1058 955 1112 1007 p.
1136 937 1237 989 169
1277 957 1333 991 as
1367 944 1427 991 ab
1466 957 1592 991 aere.

273 1125 294 1139 Ἰ
324 1131 390 1208 1)
406 1125 557 1217 Quod
575 1164 667 1194 non
686 1150 971 1194 reiciendum
991 1154 1074 1206 est,
1108 1150 1215 1206 quia
1233 1149 1357 1206 apud
1375 1148 1622 1206 Apuleium
1647 1147 1760 1195 haec
1779 1155 2016 1195 secuntur:

179 1241 222 1275 et
261 1250 282 1276 e
313 1248 442 1288 quam
475 1236 523 1275 in
555 1233 819 1289 diphthonyo
852 1233 981 1274 habet
1009 1249 1037 1274 a
1070 1233 1316 1289 principali
1349 1234 1507 1274 tramit.
1572 1232 1648 1274 sed
1684 1234 1801 1275 male
1835 1233 2015 1276 uidetur

176 1313 322 1354 dicere
355 1312 469 1368 quod
500 1328 529 1354 a
557 1312 812 1368 principali
848 1313 990 1353 traxit
1022 1327 1057 1363 e,
1097 1327 1193 1353 cum
1214 1311 1292 1352 edo
1315 1312 1545 1353 breuietur
1571 1314 1619 1354 in
1644 1328 1717 1368 pre
1706 1315 1796 1355 ima
1821 1314 2011 1369 syllaba.

175 1399 263 1448 pro
292 1389 449 1448 priore
483 1408 504 1433 e
539 1389 682 1434 habet
718 1389 864 1433 codex
883 1388 1120 1433 Gudianus
1154 1406 1208 1433 ae
1239 1392 1287 1432 et
1323 1389 1618 1434 scribendum
1649 1394 1720 1434 est
1755 1408 1799 1446 a,
1831 1391 1880 1434 in
1916 1407 2010 1436 om-

176 1474 326 1518 nibus
341 1487 466 1518 emm
488 1473 564 1516 his
595 1473 891 1530 etymologiis
915 1472 1164 1529 exponitur
1192 1470 1316 1515 unde
1350 1489 1378 1515 a
1409 1471 1458 1515 in
1490 1471 1780 1528 diphthongo
1813 1489 1867 1515 ae
1893 1472 2010 1516 oria

176 1557 282 1599 turs-
331 1568 448 1610 quae
476 1567 604 1597 ¹uero
638 1555 860 1598 secuntur
891 1554 968 1597 sed
997 1555 1114 1597 male
1147 1566 1185 1595 e.
1213 1567 1255 1609 q.
1278 1567 1312 1595 s.
1343 1551 1529 1608 quidam
1563 1552 1813 1610 adscripsit
1850 1553 2006 1600 uerbis

175 1635 268 1679 iam
296 1634 579 1691 deprauatis.
