2280 4088
1081 344 1178 396 123

215 498 582 570 fragmentum
624 495 770 570 quod
804 494 950 548 idem
971 494 1021 564 (Ι
1044 494 1108 547 16
1129 510 1179 565 p.
1207 491 1296 562 13)
1315 492 1579 546 librorum
1619 498 1931 545 nostrorum
1968 503 2050 542 ar·

215 595 474 661 gemente
509 588 652 641 bene
687 593 873 660 aptum
913 585 1142 654 habet1)
1175 583 1245 637 ad
1284 583 1506 637 eosdem
1542 583 1753 636 referre
1795 588 1850 634 et
1887 593 2048 651 quae-

216 691 341 736 rere
377 680 524 749 licet,
573 693 703 732 num
743 678 848 730 alia
887 684 1172 749 praeterea
1212 673 1446 745 uestigia
1484 690 1670 727 eorum
1717 671 1862 744 apud
1897 667 2051 725 illum

213 767 524 843 indaganda
566 770 691 824 sint.
736 769 849 823 sine
891 768 1056 821 dubio
1095 780 1228 820 uero
1260 767 1368 818 huc
1405 765 1698 838 pertinent,
1753 779 1893 834 quae
1931 763 1958 816 I
1990 762 2053 815 12

214 878 267 937 p.
289 862 420 932 11‚1
452 863 738 931 leguntur:
777 860 937 933 ‘apud
980 857 1382 930 antiquissimos
1420 869 1748 928 graecorum
1785 868 1897 908 non
1929 854 2054 927 plus

219 953 455 1007 sedecim
496 959 650 1006 erant
685 951 896 1022 literae,
950 950 1146 1020 quibus
1183 949 1249 1002 ab
1288 948 1396 1001 illis
1444 946 1680 1020 acceptis
1726 945 1882 999 latini
1921 944 2053 998 anti-

216 1044 476 1115 quitatem
497 1050 866 1096 ·seruauerunt
899 1048 1236 1114 perpetuam.
1272 1055 1398 1094 nam
1433 1039 1477 1092 si
1502 1037 1787 1092 uerissime
1817 1032 2054 1091 uelimus

213 1133 486 1206 inspicere
521 1151 629 1202 eaS,
682 1151 794 1186 non
829 1133 952 1204 plus
991 1131 1124 1184 duas
1165 1130 1373 1184 additas
1411 1129 1468 1182 in
1504 1130 1672 1183 latino
1707 1127 2055 1182 inueniemus

214 1237 494 1278 sermone:
553 1227 595 1283 Ρ
633 1223 928 1277 Αο01ἰο11111
963 1222 1255 1293 digamma,
1291 1222 1435 1294 quod
1467 1221 1612 1293 apud
1649 1219 2055 1290 antiquissimos

212 1315 503 1368 latinorum
562 1314 792 1367 eandem
830 1314 943 1366 uim
990 1332 1151 1383 quam
1190 1313 1335 1384 apud
1377 1312 1571 1366 Aeolis
1613 1312 1802 1365 habuit
1840 1352 1851 1364 .
1894 1352 1904 1363 .
1953 1353 1963 1364 .
2001 1306 2058 1365 Χ

216 1405 378 1459 etiam
420 1405 691 1477 duplicem
730 1405 849 1457 loco
891 1404 937 1459 O
974 1412 1027 1457 et
1064 1403 1103 1460 S
1139 1404 1232 1456 uel
1273 1401 1328 1459 G
1367 1410 1421 1456 et
1462 1402 1501 1457 S
1544 1411 1735 1475 postea
1772 1422 1804 1455 a
1843 1401 2056 1473 graecis

215 1497 494 1551 inuentam
523 1496 947 1569 assumpsimus’.
987 1495 1214 1568 adparet
1251 1495 1422 1564 igitur
1445 1494 1787 1549 Priscianum
1827 1493 2053 1564 eiusque

217 1596 496 1642 auctorem
526 1589 579 1642 V
607 1588 838 1642 eandem
878 1589 1117 1641 litteram
1153 1595 1315 1660 atque
1345 1588 1384 1636 Y
1424 1587 1699 1658 accepisse
1713 1585 1775 1655 ²).
1813 1592 2058 1638 ceterum

219 1679 636 1753 discrepantiam
688 1681 1028 1751 antiquarum
1082 1686 1136 1732 et
1187 1678 1551 1733 recentiorum
1600 1677 1905 1730 litterarum
1946 1694 2058 1730 non

218 1779 470 1825 accurate
506 1773 871 1844 persequitur.
944 1772 1179 1844 antiquis
1218 1772 1362 1825 enim
1393 1770 1438 1825 C
1484 1771 1664 1825 media
1715 1779 1776 1824 ut
1829 1771 2057 1842 graeciS,

217 1855 274 1916 K
309 1863 488 1916 tenuis
523 1871 655 1931 erat,
696 1862 895 1917 deinde
919 1863 973 1919 G
1007 1862 1191 1917 addito
1230 1862 1276 1918 O
1314 1882 1415 1936 pro
1450 1863 1603 1916 tenui
1640 1863 1964 1934 ponebatur,
2002 1856 2059 1916 K

219 1953 500 2026 paullatim
520 1955 937 2025 neglegebatur,
961 1955 1106 2025 quod
1122 1954 1421 2008 Varronem
1440 1953 1873 2028 praetermisisse
1894 1967 2056 2007 nemo

220 2043 425 2112 credet,
464 2044 773 2099 Priscianus
814 2046 1181 2119 praetermisit
1215 2065 1335 2099 cum
1374 2045 1583 2099 diceret
1623 2045 1674 2116 (I
1693 2045 1760 2098 14
1796 2044 1953 2117 p.12,
1976 2044 2054 2111 ὗ)1

215 2133 290 2188 ‘K
325 2141 379 2188 et
407 2136 476 2206 Q,
515 2137 759 2208 quamuis
797 2138 975 2208 figura
1015 2144 1069 2190 et
1103 2136 1322 2190 nomine
1359 2136 1648 2190 uideantur
1687 2134 1926 2209 aliquam
1963 2135 2057 2187 ha·

191 2222 347 2279 'bere
386 2226 774 2297 differentiam,
824 2244 949 2282 cum
991 2226 1037 2282 C
1072 2235 1253 2281 tamen
1293 2228 1519 2281 eandem
1559 2236 1667 2281 tam
1702 2228 1759 2281 in
1797 2243 1931 2282 sono
1965 2244 2057 2279 uo-

382 2462 426 2519 1)
462 2463 615 2507 Debet
644 2463 832 2520 quidem
862 2464 950 2508 hoc
979 2463 1301 2508 testimonium
1332 2464 1602 2520 Censorino,
1648 2465 1729 2509 sed
1760 2464 1961 2508 fortasse
1993 2464 2057 2508 al-

216 2545 370 2587 terum
401 2558 584 2600 quoque
624 2543 693 2598 (fr.
725 2540 831 2600 103)
880 2559 938 2588 ex
979 2544 1183 2589 eiusdem
1225 2546 1422 2603 sumpsit
1462 2546 1584 2591 libro
1632 2545 1952 2603 grammatico,
1999 2545 2057 2591 de

223 2637 313 2681 quo
348 2638 515 2681 parum
549 2614 732 2669 constat
763 2625 819 2670 cf.
854 2623 904 2669 O.
926 2626 1040 2670 Iahn
1070 2626 1215 2683 praef.
1251 2625 1437 2670 Censor.
1468 2642 1511 2684 p.
1531 2625 1632 2670 VII.

382 2704 426 2760 2)
462 2704 615 2748 Minus
658 2709 804 2762 patet,
859 2706 972 2763 quid
1012 2706 1251 2751 Caesarem
1307 2706 1488 2763 (Pomp.
1522 2705 1581 2750 ad
1611 2706 1731 2751 Don.
1764 2705 1867 2749 117
1906 2721 1951 2762 p.
1979 2700 2053 2760 27)

217 2782 419 2828 mouerit
447 2787 501 2828 ut
530 2785 746 2829 undecim
777 2789 959 2830 tantum
981 2784 1164 2831 litteras
1188 2787 1456 2845 adsignaret
1479 2786 1809 2845 antiquissimis
1834 2786 2052 2830 romanis.

216 2863 430 2918 fortasse,
476 2864 515 2907 si
554 2868 651 2908 tam
699 2880 945 2923 peruersas
986 2867 1227 2924 opiniones
1259 2868 1492 2926 explicare
1533 2882 1703 2926 operae
1734 2867 1937 2924 pretium
1968 2870 2053 2922 est,

214 2944 299 2989 has
329 2944 539 2988 admisit:
586 2944 777 2999 AEIO,
811 2960 921 2990 nam
957 2946 999 2990 V
1029 2946 1144 2990 alios
1188 2961 1371 3004 quoque
1404 2947 1614 2992 omisisse
1644 2947 1862 3002 uidimus,
1895 2947 2051 3001 BOD,

217 3038 413 3080 quorum
442 3024 624 3083 singula
653 3025 787 3069 simul
817 3041 902 3083 pro
932 3027 1163 3082 tenuibus,
1196 3028 1272 3071 uel
1304 3028 1463 3072 tenuia
1492 3043 1578 3085 pro
1603 3028 1769 3073 mediis
1800 3028 1955 3085 posita
1988 3044 2056 3073 es-

217 3107 334 3159 sent,
364 3105 402 3148 L
418 3105 586 3161 MNR.
619 3109 767 3150 restat
784 3107 828 3159 S,
861 3107 983 3163 quod
1013 3108 1224 3152 nonnulli
1250 3111 1303 3152 ut
1319 3108 1520 3153 Messala
1537 3108 1762 3154 Coruinus
1796 3110 1871 3164 (cf.
1897 3109 2052 3164 Quint.

215 3184 326 3230 inst.
363 3189 479 3230 orat.
512 3186 533 3229 Ι
561 3186 604 3241 7,
627 3186 699 3230 23.
739 3187 878 3232 Mart.
913 3188 1022 3245 Cap.
1054 3188 1122 3232 III
1154 3188 1241 3233 245
1269 3204 1311 3246 p.
1334 3188 1392 3233 55
1428 3189 1504 3233 Gr.
1547 3189 1734 3234 Cledon.
1767 3205 1811 3246 p.
1842 3189 1956 3234 1882
1984 3205 2052 3246 sq.

215 3263 359 3310 Prisc.
382 3265 404 3308 I
426 3265 484 3310 42
517 3281 560 3324 p.
585 3267 660 3322 32,
679 3267 752 3324 19)
786 3267 971 3312 sibilum
1002 3282 1102 3312 esse
1132 3270 1396 3325 uoluerunt,
1428 3269 1519 3313 nisi
1550 3283 1629 3313 eos
1664 3269 1832 3314 Caesar
1867 3273 2054 3314 secutus

218 3346 313 3400 est,
364 3345 442 3402 qui
483 3346 686 3404 Appium
731 3347 971 3392 Claudium
1014 3348 1213 3394 Caecum
1261 3349 1447 3394 demum
1491 3349 1532 3393 R
1559 3349 1793 3394 inuenisse
1828 3350 2058 3406 puta-bant

219 3423 397 3481 (Pomp.
427 3426 486 3470 de
516 3426 635 3484 orig.
663 3427 751 3470 iur.
782 3427 960 3483 Digest.
992 3427 1014 3470 Ι
1042 3427 1086 3483 2,
1109 3427 1153 3479 2,
1171 3428 1265 3483 36).
1300 3428 1516 3472 undecim
1545 3428 1727 3472 litteras
1758 3428 2056 3474 Palamedem

217 3501 448 3548 inuenisse
477 3505 625 3550 tradit
656 3506 822 3563 Hygin.
864 3506 956 3550 fab.
979 3504 1082 3561 277,
1124 3507 1205 3551 ubi
1238 3507 1291 3551 G.
1326 3507 1361 3551 I.
1384 3506 1575 3551 Vossius
1605 3507 1750 3551 Arist.
1788 3507 1807 3551 I
1833 3509 1888 3553 10
1921 3523 1966 3566 p.
1997 3509 2055 3553 35

219 3579 271 3624 F.
303 3582 536 3628 sexdecim
567 3585 769 3631 scribere
801 3585 980 3640 maluit,
1013 3585 1071 3630 cf.
1105 3585 1156 3630 Ο.
1187 3586 1302 3630 Iahn
1329 3586 1502 3630 Palam.
1535 3602 1579 3643 p.
1602 3587 1675 3631 24.
