2280 4088
961 316 1060 366 115

0 449 6 453 ”
100 465 289 539 positis
313 464 527 519 locutus
555 471 636 517 est
659 466 720 519 ut
756 462 824 517 de
865 458 1175 518 discrimine
1212 459 1358 516 inter
1392 466 1667 515 describere
1700 467 1757 512 et
1795 468 1930 514 tran-

90 564 318 621 scribere,
365 563 419 611 et
454 555 730 611 scribendi
762 554 1028 609 rationem
1045 571 1158 606 non
1176 571 1400 625 prorsus
1424 553 1733 623 neglectam
1761 553 1930 611 fuisse

97 648 335 706 ostendit
369 649 427 702 id
466 647 611 718 quod
651 653 796 702 ebibit
831 664 932 718 pro
971 651 1151 701 exbibit
1189 643 1353 700 scribi
1394 643 1842 701 conmemorauit.

258 739 326 794 In
362 738 704 812 explicandis
747 738 915 808 igitur
966 735 1225 793 orationis
1276 735 1523 807 partibus
1575 753 1679 788 nec
1713 735 1927 805 Diony·

92 830 231 886 sium
273 830 425 885 euius
463 828 895 902 praepositiones
931 835 985 881 et
1034 825 1418 899 pronominum
1471 826 1792 880 diuisionem
1838 843 1930 880 ne-

91 921 284 994 glexit,
341 939 444 975 nec
482 920 701 989 stoicos,
751 937 980 989 quorum
1017 918 1279 972 terminos
1320 919 1520 974 frustra
1559 918 1791 988 quaeriS,
1843 935 1926 972 se-

93 1019 248 1071 cutus
286 1019 385 1081 est,
424 1019 684 1083 quantum
721 1030 791 1065 ex
828 1010 1204 1080 relliquiarum
1243 1009 1516 1081 paucitate
1566 1007 1771 1081 conligi
1809 1016 1927 1080 pot-

93 1111 192 1173 est,
227 1101 438 1157 etiamsi
474 1102 532 1155 in
567 1101 798 1172 singulis
841 1099 1198 1172 exponendiS,
1232 1099 1325 1153 ubi
1347 1099 1466 1152 fieri
1487 1099 1677 1171 potuit,
1710 1108 1762 1156 et
1781 1099 1926 1155 illius

93 1202 146 1247 et
182 1193 379 1248 horum
421 1193 719 1248 doctrinam
757 1191 1002 1262 respexit
1039 1198 1201 1260 atque
1240 1190 1531 1248 transtulit.
1583 1191 1768 1260 itaque
1806 1209 1926 1248 ean·

91 1283 217 1339 dem
253 1283 598 1346 diuisionem,
649 1301 810 1352 quam
855 1282 914 1335 in
949 1281 1102 1335 libris
1144 1280 1212 1333 de
1252 1281 1442 1352 lingua
1480 1281 1650 1337 latina
1687 1282 1930 1353 protulit,

90 1374 375 1447 repetiisse
400 1381 454 1429 et
475 1393 574 1446 pro
598 1372 951 1430 fundamento
981 1371 1296 1429 adhibuisse
1322 1372 1627 1428 censendus
1650 1382 1746 1426 est.
1783 1373 1930 1429 idem

92 1464 389 1522 Cledonius
430 1484 484 1538 p.
513 1464 646 1518 1861
668 1464 730 1519 P.
781 1463 1073 1534 significat,
1131 1481 1160 1516 e
1209 1462 1362 1519 cuius
1413 1463 1734 1519 testimoniis
1778 1472 1926 1534 quat·

88 1565 215 1614 tuor
249 1556 602 1613 Varronianis
647 1556 755 1610 duo
807 1555 876 1609 ad
917 1554 1321 1627 grammaticam
1359 1554 1639 1628 pertinere
1677 1556 1925 1628 exposui,

87 1655 254 1704 unum
289 1666 614 1720 quamquam
648 1647 1004 1720 probabiliter
1041 1667 1207 1720 supra
1242 1646 1309 1704 ad
1344 1646 1546 1705 librum
1577 1646 1924 1701 undecimum

91 1739 267 1808 (ἢκ-9)
304 1739 372 1797 de
409 1739 597 1810 lingua
632 1738 798 1796 latina
836 1739 1085 1807 relatum,
1126 1737 1323 1792 eodem
1359 1738 1474 1792 fere
1508 1739 1626 1793 iure
1654 1756 1924 1809 gramma-

89 1831 231 1886 ticae
271 1830 436 1886 tribui
470 1838 686 1902 poterat
700 1830 761 1900 l).
819 1831 1000 1900 itaque
1038 1830 1107 1884 ad
1145 1829 1376 1888 eandem
1414 1837 1668 1899 quartum
1710 1848 1926 1901 quoque

89 1920 325 1978 medani
362 1923 734 1993 fragmentum
770 1928 1019 1995 spectare
1055 1921 1175 1974 ueri
1209 1922 1384 1979 simile
1413 1928 1512 1990 est,
1548 1941 1653 1993 quo
1675 1929 1926 1991 quattuor

89 2012 348 2070 orationis
378 2021 562 2085 partes
583 2013 894 2069 Varronem
919 2012 1169 2068 statuisse
1194 2012 1396 2066 diserte
1421 2012 1674 2069 adfirmat
1710 2013 1798 2081 (fr.
1820 2013 1926 2080 96),

89 2123 248 2176 qnam
282 2104 632 2175 partitionem
669 2105 898 2160 eandem
937 2104 1119 2169 fuisse,
1177 2122 1281 2173 qua
1328 2104 1629 2160 secundum
1678 2112 1925 2162 naturam

89 2194 271 2249 diuisa
300 2197 391 2263 (cf.
430 2194 495 2251 G.
533 2195 847 2252 Lachmann
883 2196 952 2251 ad
990 2196 1152 2253 Lucr.
1194 2195 1244 2250 V
1267 2197 1403 2250 1006
1440 2216 1492 2268 p.
1513 2196 1639 2265 328)
1684 2196 1743 2251 in
1770 2196 1922 2257 libris

15 2339 20 2342 .
89 2284 159 2339 de
193 2285 383 2358 lingua
415 2286 585 2343 latina
621 2287 807 2354 utitur,
839 2306 928 2344 res
966 2288 1084 2359 ipsa
1123 2289 1334 2345 clamat.
1389 2307 1514 2341 cum
1558 2307 1690 2343 uero
1734 2308 1923 2346 omnes

88 2377 418 2450 posteriores
455 2378 797 2449 grammatici
824 2379 976 2432 latini
1014 2387 1134 2434 octo
1168 2379 1405 2433 habeant
1428 2387 1611 2452 partes
1633 2380 1923 2450 orationes,

88 2477 246 2525 antea
280 2469 340 2524 id
379 2490 410 2523 a
443 2469 708 2527 Varronis
726 2469 769 2537 2)
817 2471 876 2525 in
911 2470 1052 2529 libro
1098 2472 1166 2524 de
1200 2471 1556 2542 grammatica
1602 2472 1923 2529 auctoritate

89 2559 451 2632 repetendum
507 2579 626 2616 esse
680 2561 1007 2631 existimaui,
1057 2581 1203 2618 nunc
1260 2562 1510 2618 omnibus
1567 2563 1926 2620 consideratis

85 2650 227 2708 hane
260 2653 587 2708 sententiam
626 2653 799 2708 abicio
837 2653 1184 2724 primumque
1221 2675 1252 2713 a
1289 2672 1394 2723 quo
1433 2654 1762 2726 posteriores
1794 2672 1926 2727 pen*

88 2741 221 2797 dent
269 2743 657 2802 Palaemonem
712 2744 881 2799 fuisse
938 2745 1147 2799 conicio
1207 2764 1416 2803 memor
1472 2745 1796 2813 Quintiliani
1850 2747 1925 2802 ita

88 2834 375 2888 scribentis
410 2834 556 2908 (inst.
595 2853 672 2889 or.
704 2836 732 2889 I
758 2836 809 2904 4,
834 2835 958 2904 20):
1011 2836 1121 2890 ‘alii
1156 2844 1339 2891 tamen
1377 2854 1449 2891 ex
1483 2836 1696 2891 idoneis
1735 2836 1926 2891 dunta-

90 2931 184 2979 xat
231 2926 537 2980 auctoribus
592 2935 714 2981 octo
766 2934 949 3000 partes
1002 2928 1174 2981 secuti
1220 2935 1346 2986 sunt
1380 2937 1440 2982 ut
1480 2928 1828 2983 Aristarchus
1874 2937 1928 2984 et

234 3086 310 3150 fl)
340 3086 411 3130 De
442 3087 690 3143 generibus
720 3090 920 3145 utroque
953 3089 1057 3134 loco
1088 3089 1386 3134 tractandum
1417 3094 1519 3134 erat
1549 3093 1597 3134 et
1620 3105 1716 3135 non
1746 3091 1928 3135 dubita-

90 3179 187 3210 rem
216 3164 531 3223 fragmentum
564 3166 682 3211 illud
712 3169 1043 3224 grammaticae
1075 3169 1330 3224 uindicare,
1374 3170 1465 3214 nisi
1502 3170 1627 3214 haud
1656 3185 1805 3228 pauca
1834 3171 1927 3214 Do-

90 3245 192 3289 nati
219 3245 498 3303 interpretes
528 3247 677 3293 Plinio
713 3249 883 3293 debere
921 3249 1102 3304 scirem,
1138 3264 1274 3306 quem
1304 3251 1554 3307 praecipue
1590 3250 1722 3294 libris
1754 3250 1811 3294 de
1842 3249 1928 3293 lin-

90 3337 184 3380 gua
215 3325 361 3370 latina
390 3341 526 3371 usum
557 3342 656 3376 esse
690 3342 830 3385 supra
859 3328 1075 3373 uidimus.

258 3405 303 3462 2)
334 3406 427 3451 Pro
456 3407 653 3453 articulo
688 3408 810 3453 enim
840 3409 974 3453 latini
1003 3410 1063 3453 ad
1097 3411 1346 3467 explendas
1380 3414 1486 3454 octo
1522 3412 1678 3466 partes
1710 3408 1925 3453 interiec-

91 3483 282 3539 tionem,
320 3499 349 3529 a
379 3486 558 3543 graecis
600 3487 824 3532 aduerbio
863 3488 1212 3534 adnumeratam
1253 3489 1326 3544 (cf.
1359 3490 1494 3533 Dion.
1532 3487 1640 3532 Thr.
1671 3502 1717 3544 p.
1751 3487 1853 3541 642,
1884 3486 1927 3531 3.

95 3562 163 3608 11.
195 3562 268 3618 17)
301 3563 595 3621 addiderunt,
630 3581 767 3623 quam
798 3567 998 3611 Varroni
1026 3571 1188 3612 notam
1218 3568 1358 3613 fuisse
1395 3567 1602 3613 ostendit
1632 3567 1688 3611 fr.
1709 3566 1779 3611 81.
