2222 4056
1182 344 1281 392 100

330 491 417 545 ΠΙ
441 492 541 544 229
581 510 634 562 p.
654 491 722 543 50
748 490 846 546 Gr.
886 490 1194 543 testimonia
1231 489 1318 558 (fr.
1346 489 1438 558 92)
1481 489 1755 557 euincunt,
1811 491 1947 564 quos
1982 490 2154 555 'disci-

331 583 598 655 plinarum
648 582 816 635 libros
860 582 917 634 in
962 599 1120 635 usum
1167 599 1322 634 suum
1373 579 1704 632 conuertisse
1752 599 1913 652 supra
1946 582 2040 654 ⁴(p.
2067 583 2155 652 18)

331 671 868 725 conmemorauimuS.
911 690 1031 723 cum
1066 688 1198 723 uero
1224 668 1567 739 Augustinus
1592 669 1890 724 Martianus
1911 672 2152 726 Isidorus

329 762 644 815 inferiorem
680 760 1063 831 grammaticae
1101 759 1347 829 gradum,
1379 757 1760 828 grammaticae
1796 760 1958 831 quasi
1981 761 2152 815 infan-

328 853 474 921 tiam⁷
509 859 851 906 litterationem
892 872 921 903 a
957 850 1208 903 Varrone
1249 848 1446 900 dictam
1485 848 1653 902 fuisse
1694 855 1982 920 testentur,¹
2030 851 2154 905 hinc

329 944 680 1014 corrigendus
716 949 797 994 est
834 942 1016 1012 Asper
1056 942 1086 994 I
1114 941 1147 992 2
1182 960 1235 1012 p.
1266 939 1401 992 1725
1420 940 1482 993 P.
1533 939 1608 992 ibi
1658 941 1802 993 enim
1842 942 2047 1012 legitur
2095 943 2152 996 in
2215 924 2222 974 ἓ

330 1032 514 1084 codice
556 1031 817 1084 Vaticano
859 1030 993 1082 1492
1030 1036 1168 1082 teste
1205 1028 1453 1082 Hem-ico
1485 1029 1705 1083 Brunn·
1738 1039 2153 1098 yrammaticaest

327 1130 527 1177 seientia
563 1131 690 1176 reete
724 1126 968 1175 scribendi
1006 1128 1052 1174 et
1096 1126 1392 1174 enunciandi
1426 1126 1879 1188 interpretandique
1915 1129 2152 1189 rationem
2211 1115 2222 1149 ἦ·

327 1220 602 1266 uerborum.
642 1231 822 1277 quam
866 1211 1122 1264 Terentius
1155 1218 1202 1263 et
1245 1215 1403 1264 Varro
1436 1217 1683 1275 primum.
1696 1219 1752 1264 ut
1788 1217 1954 1266 adhue
1984 1218 2156 1266 rudem
2211 1252 2219 1274 -,

329 1309 630 1368 appellatam
676 1321 775 1355 esse
822 1307 939 1355 dieii
987 1306 1329 1354 litteraturam.
1399 1300 1642 1353 definitio
1679 1301 1867 1355 mutila
1903 1318 2023 1357 esse
2069 1302 2147 1355 ui-

328 1393 484 1445 detur
535 1393 607 1446 K.
656 1391 884 1445 Lehrsio
950 1391 1108 1460 (anal.
1155 1409 1384 1460 gramm.
1437 1399 1561 1462 post
1607 1390 1814 1445 Herod.
1883 1411 1987 1448 scr.
2050 1392 2151 1445 tria

327 1482 380 1555 p.
408 1483 535 1552 389)
573 1501 750 1552 neque
797 1500 864 1535 ex
894 1481 1142 1534 Varrone
1190 1481 1448 1534 translata
1485 1490 1582 1550 est,
1632 1481 1842 1554 reliqua
1885 1485 2019 1537 uero
2067 1482 2145 1536 sic

327 1574 614 1626 scribenda
651 1580 801 1627 sunt:
840 1593 985 1638 quam
1010 1579 1266 1626 Terentius
1294 1578 1452 1626 Varro
1477 1579 1696 1638 primum
1723 1581 1779 1627 ut
1798 1579 1958 1628 adhue
1974 1579 2152 1628 :rudem

325 1670 625 1730 appellatam
661 1684 760 1717 esse
799 1669 916 1717 dicit
949 1664 1319 1727 litterationem
1380 1663 1583 1716 errauit
1623 1670 1805 1716 autem
1850 1662 1912 1717 F.
1951 1662 2149 1717 Linde·

328 1773 489 1806 mann
529 1753 620 1821 (ad
657 1753 901 1824 Asprum
933 1770 986 1822 p.
1018 1752 1157 1820 309),
1204 1752 1293 1821 qui
1334 1769 1405 1805 ex
1451 1753 1634 1823 Aspro
1673 1752 1946 1808 Isidorum
1975 1752 2148 1816 corri-

324 1863 460 1914 gere
492 1844 683 1911 uoluit,
720 1828 1022 1896 litteratura
1060 1843 1208 1895 enim
1246 1849 1360 1896 erat
1398 1844 1569 1896 altera
1601 1844 1771 1897 maior
1805 1851 1870 1898 et>
1896 1843 2047 1916 quasi
2066 1863 2149 1897 su-

322 1935 511 2007 perior
531 1934 916 2004 grammaticae
950 1934 1136 1988 forma.
1171 1933 1316 1987 idem
1344 1933 1640 1988 discrimen
1670 1935 1920 1999 fecerunt
1947 1934 2149 2006 graeci,

324 2025 468 2097 quod
507 2032 725 2096 praeter
758 2024 891 2077 alios
928 2032 1155 2077 testatur
1193 2025 1352 2079 Philo
1391 2023 1658 2079 Iudaeus*
1681 2024 1806 2092 περὶ
1842 2025 1934 2088 τῆς
1959 2020 2147 2093 sicud

329 2116 584 2181 προπαιὸ.
638 2113 818 2165 συνόὸ.
859 2115 890 2168 I
926 2133 978 2186 p.
1004 2115 1108 2167 540
1145 2115 1361 2185 Mang.:
1428 2114 1506 2165 τόν
1533 2133 1590 2183 γε
1631 2111 1738 2182 μὴν
1779 2113 2006 2184 γράφειν
2039 2113 2153 2177 ,καί

332 2203 736 2272 ἀναγιγνώσκειν
774 2206 1145 2272 γραμματικῆς
1185 2207 1274 2271 τῆς
1327 2203 1666 2272 οἷτελεστέρας
1714 2205 2033 2273 ἐπάγγελμα,
2089 2199 2152 2271 ἢν

331 2293 759 2362 παρατρέποντές
795 2313 927 2355 τινες
965 2279 1424 2362 γραμματιστικὴν
1459 2297 1710 2346 καλοῦσι·
1748 2297 1841 2363 τῆς
1878 2292 1935 2347 δὲ
1967 2299 2155 2346 τελειο-

328 2388 484 2448 τέρας
526 2383 808 2447 α’νάπτυξις
843 2387 946 2436 τῶν
981 2382 1128 2452 παρὰ
1169 2390 1406 2454 ποιηταῖς
1445 2403 1499 2436 τε
1538 2383 1630 2437 καὶ
1667 2385 2082 2456 συγγραφεῦσιν.
2103 2386 2149 2455 ¹)

330 2477 601 2547 copiosius
624 2477 851 2530 eandem
872 2496 989 2531 rem
1008 2484 1198 2531 tractat
1219 2478 1420 2534 Sextus
1444 2477 1748 2550 Empiricus
1776 2477 1900 2531 aduj
1924 2496 2152 2550 gramm.

326 2569 396 2619 44
423 2588 521 2640 sq„
563 2569 893 2640 alteriusque
935 2567 988 2619 τὸ
1030 2566 1094 2618 τὰ
1135 2574 1372 2633 στοιχεῖα
1413 2567 1503 2619 καί
1543 2565 1635 2629 τὰς
1674 2555 1868 2634 τούτων
1915 2551 2151 2634 συμπλο-

329 2654 421 2718 κὰς
466 2658 734 2710 διδάσκειν
774 2678 891 2714 esse
934 2660 1078 2728 dicit,
1135 2660 1192 2714 in
1228 2661 1397 2714 altera
1433 2678 1566 2715 uero
1608 2659 1676 2728 τῇ
1709 2657 1886 2728 τελείῳ
1927 2645 2018 2715 uel
2055 2660 2149 2724 βα-

493 2860 536 2916 1)
570 2860 635 2905 Cf.
670 2862 866 2905 eundem
899 2861 930 2905 l.
965 2876 1000 2904 s.
1031 2876 1064 2904 s.
1101 2876 1145 2917 p.
1164 2860 1266 2905 530.
1283 2861 1385 2905 521.
1416 2860 1538 2905 idem
1566 2857 1964 2921 γραμματιστικὴν
1993 2859 2148 2918 adpel-

325 2939 393 2983 lat
419 2956 469 2983 π.
500 2941 579 2983 τοῦ
611 2936 848 3000 θεοπόμπ
891 2956 926 2983 ει
915 2941 1005 2985 ναι
1045 2938 1148 2989 τοὺς
1190 2937 1321 2998 ὀνείρ.
1354 2955 1399 2997 p.
1421 2940 1506 2985 652
1547 2938 1765 2995 παιδικὴν
1809 2935 2148 3001 γραμματικήν.

326 3019 383 3063 cf.
418 3020 556 3064 schol
587 3021 723 3066 Dion
742 3021 904 3065 Thrac.
935 3036 980 3078 p.
1001 3020 1103 3075 667,
1122 3019 1201 3064 17.
1234 3023 1309 3063 καὶ
1339 3018 1365 3075 ἡ
1394 3018 1690 3080 γραμματικὴ
1721 3021 1774 3065 δὲ
1803 3018 1915 3065 κατὰ
1944 3017 2028 3066 τὸν
2054 3037 2146 3065 πα-

324 3096 453 3145 λαιὸν
483 3101 534 3146 ἐν
563 3095 644 3144 δύο
677 3103 1032 3160 σημαινομένοις
1061 3093 1130 3155 ἦν.
1160 3096 1242 3154 τὴν
1266 3099 1359 3158 μὲν
1385 3097 1474 3158 γὰρ
1508 3097 1680 3159 μικρὰν
1708 3097 1910 3156 ἐκάλουν,
1935 3096 1968 3156 ἥ
1997 3114 2064 3149 τις
2091 3094 2148 3155 ἦν

323 3183 459 3238 τέχνη
501 3183 604 3239 περὶ
644 3182 723 3224 τοῦ
751 3176 949 3240 γράφειν
989 3184 1064 3224 καὶ
1106 3174 1471 3237 ἀναγιγνώσκειν
1509 3177 1591 3235 τὴν
1628 3175 1960 3240 ἐγγράμματον
1989 3177 2150 3240 φωνὴν
2219 3174 2222 3178 ’

323 3255 424 3308 τούς
463 3275 510 3304 τε
536 3261 824 3319 χαρακτῆρας
867 3261 957 3305 τῶν
985 3256 1273 3319 γραμμάτων
1311 3259 1479 3304 εἰδέναι
1509 3262 1584 3303 καὶ
1613 3257 1693 3308 τὰς
1724 3254 1967 3321 συλλήψεις
2000 3256 2148 3304 αὐτῶν

322 3334 463 3396 ἤγουν
506 3337 584 3388 τὰς
625 3335 872 3396 συλλαβάς·
919 3337 1000 3395 τὴν
1038 3339 1090 3382 δὲ
1129 3333 1337 3398 μεγάλην
1379 3333 1568 3382 ἐκάλουν
1609 3335 1693 3393 τὴν
1722 3338 1800 3381 ἐπὶ
1827 3335 1932 3386 ’τοὺς
1961 3334 2149 3393 ποιητὰς
2218 3340 2222 3393 j

323 3424 534 3477 θεωρίαν,
567 3417 623 3475 ἦν
655 3435 754 3464 τινα
789 3421 870 3465 νῦν
902 3420 1160 3477 ἐξηγοῦνται
1193 3421 1236 3462 οἵ
1264 3422 1590 3478 γραμματικοί,
1625 3423 1705 3461 καί
1719 3419 1844 3463 ἔστιν
1873 3433 1981 3473 αντη
2009 3420 2146 3475 τέχνη
2219 3422 2222 3434 “

322 3498 570 3558 θεωρητικὴ
613 3501 704 3544 τῶν
735 3496 861 3558 παρὰ
899 3504 1105 3554 ποιηταῖς
1135 3514 1183 3542 τε
1219 3502 1295 3542 καὶ
1336 3499 1558 3556 λογεῦσιν.
1617 3498 1709 3542 iam
1746 3497 1871 3556 apud
1903 3498 2149 3582 Platonem

322 3581 521 3636 Euthyd.
555 3596 596 3637 p.
629 3580 745 3624 276ἱ
788 3577 1136 3640 γραμματιστὴς
1167 3579 1381 3624 occurrit.
