2280 4088
1001 323 1095 369 111

139 470 474 538 enumerant,
512 468 906 522 ad-Varronem
944 465 1218 538 pertinere
1253 464 1434 519 credo,
1471 463 1726 518 adferunt
1758 463 1979 537 quidem

137 561 299 615 huius
347 559 427 612 rei
477 566 755 612 auctorem
811 558 1082 626 Probum,
1122 555 1205 609 in
1262 555 1412 609 cuius
1468 554 1729 609 institutis
1781 554 1981 608 artium

138 671 192 725 p.
214 652 330 717 131,
357 650 425 705 25
473 651 580 704 hoc
620 651 844 722 legitur,
893 649 991 704 sed
1041 647 1276 721 primum
1305 647 1484 700 Varro
1537 654 1790 700 accurate
1842 664 1981 716 quae

139 741 461 816 pronomina
502 748 683 795 essent
722 740 1050 813 primigenia
1098 739 1340 793 indicare
1390 738 1596 808 debuit,
1638 737 1836 791 deinde
1859 737 1984 790 41133

139 851 314 906 prope
351 832 421 886 ad
459 833 752 886 stoicorum
793 831 1090 885 doctrinam
1125 830 1355 899 accedit,
1374 830 1418 900 ¹)
1454 829 1700 900 talesque
1738 828 1984 901 partitio-

145 942 242 978 nes
261 924 568 978 Varronem
593 923 870 977 adamasse
906 923 997 976 uel
1034 923 1183 976 locus
1220 921 1615 996 suprascriptus
1653 938 1682 974 3
1719 920 1873 974 libris
1915 920 1983 974 de

142 1015 336 1086 lingua
366 1015 534 1068 latina
576 1014 750 1068 docet.
787 1014 963 1067 uoluit
998 1013 1139 1066 enim
1184 1012 1507 1086 pronomina
1549 1020 1638 1066 aut
1672 1013 1825 1066 finita
1852 1012 1985 1084 (ego

143 1107 333 1160 tuvisse
350 1105 428 1175 2))
467 1114 559 1159 aut
595 1107 774 1159 minus
812 1124 973 1175 quam
1013 1105 1163 1159 finita
1188 1105 1327 1177 (ipse
1365 1105 1468 1157 iste
1501 1104 1547 1158 is
1575 1105 1665 1158 hic
1695 1104 1842 1157 idem
1876 1104 1982 1173 sui)

143 1204 237 1251 aut
266 1197 474 1251 infinita
513 1196 629 1266 (qui
663 1197 755 1250 uel
788 1197 906 1266 quis
949 1197 1121 1265 qualis
1163 1196 1284 1250 talis
1310 1203 1491 1249 tantus
1522 1204 1759 1266 quantus
1791 1204 1986 1268 quotus

143 1290 310 1358 totus)
352 1296 445 1342 aut
481 1288 791 1361 possessiua
823 1288 999 1356 (meus
1035 1295 1160 1340 tuus
1199 1306 1327 1340 suus
1365 1294 1553 1340 noster
1588 1289 1797 1356 uester)
1843 1300 1988 1356 esse,

143 1468 222 1522 tui
255 1474 441 1520 habere
485 1476 731 1521 rationem.
792 1474 915 1519 unde
964 1476 1174 1518 Donatus
1214 1474 1376 1518 melius
1411 1473 1491 1530 qui
1522 1474 1570 1517 in
1601 1473 1716 1518 duas
1747 1479 1906 1533 partes
1939 1477 1990 1520 in

145 1555 522 1616 primddiuisit„
553 1571 660 1600 nam
693 1556 732 1600 si
766 1571 821 1600 ea
850 1560 957 1600 sunt
987 1555 1438 1612 finitapronomina,
1475 1569 1590 1611 quae
1625 1556 1860 1614 recipiunt
1887 1571 1991 1614 per.-

146 1655 308 1697 331133,ἶ
323 1640 420 1696 ,3113
451 1640 605 1691 omnia
637 1654 754 1697 quae
785 1655 880 1684 non
910 1639 1143 1696 recipiunt
1175 1652 1396 1696 personas
1419 1638 1603 1684 infinita
1629 1639 1828 1692 dicenda
1857 1644 1990 1698 sunt-3

146 1720 270 1790 unde
299 1724 496 1785 apparet
521 1721 646 1777 quod
676 1719 857 1764 infinita
889 1724 936 1764 et
968 1721 1118 1769 minus
1152 1735 1290 1776 quam
1319 1719 1450 1764 finita
1485 1724 1532 1765 et
1563 1722 1824 1779 possessiua
1868 1725 1989 1778 sunt.

148 1774 271 1877 quod
302 1816 442 1878 quam
471 1802 590 1846 bene
635 1801 695 1845 ad
725 1805 872 1845 artem
905 1786 1106 1859 logicam
1146 1802 1546 1845 accommodatum
1595 1803 1655 1846 sit
1690 1801 1859 1866 doceat
1896 1803 1993 1847 Cle-

151 1865 317 1926 donius
358 1897 402 1940 p.
435 1880 574 1927 1906.
623 1882 788 1926 ‘minus
832 1898 970 1940 quam
1017 1880 1149 1927 finita
1188 1886 1296 1926 sunt
1331 1873 1447 1939 quae
1479 1897 1565 1927 1133
1596 1881 1727 1927 finita
1765 1886 1873 1927 sunt
1907 1873 1992 1928 nec

151 1946 497 2035 ἱ11511113,113111
534 1962 624 2007 iste
664 1966 712 2006 et
760 1963 861 2020 ipse
902 1967 947 2007 et
984 1963 1041 2007 de
1072 1963 1395 2020 praesentibus
1429 1962 1624 2043 dicimus
1659 1966 1706 2007 et
1739 1959 1797 2007 de
1832 1962 1994 2008 absen-

151 2025 337 2087 tibus?
1322 2047 1327 2053 '

319 2123 363 2180 1)
390 2123 555 2168 Prisc·
578 2123 688 2166 XIII
721 2138 766 2180 p.
800 2123 909 2167 548:
948 2123 1114 2167 “stoici
1165 2124 1287 2167 enim
1338 2122 1588 2168 articulum
1637 2127 1694 2167 et·
1733 2136 1994 2181 pronomem

154 2215 301 2247 imam
332 2192 526 2260 'partem
561 2204 784 2248 orationis
834 2204 1142 2261 accipiebant,
1188 2204 1420 2248 infinitum
1464 2205 1712 2249 articulum
1754 2209 1993 2259 uocantes,

157 2297 293 2340 quem
313 2327 315 2329 ,
325 2284 620 2342 grammatici
650 2285 912 2338 articulum,
959 2285 1092 2342 eique
1140 2285 1447 2342 adiungentes
1499 2286 1639 2329 etiam
1687 2284 1870 2331 infinita
1914 2300 1995 2330 no-

155 2364 281 2409 mina
325 2366 402 2409 uel
446 2366 668 2422 relatiua,
720 2403 732 2425 z
764 2402 775 2414 .
813 2398 821 2406 -
871 2368 1053 2426 finitum
1109 2373 1263 2413 autem
1317 2370 1564 2415 articulum
1607 2370 1827 2429 dicebant
1872 2369 1996 2414 idem

159 2445 312 2504 stoici,
346 2447 471 2508 quod
502 2463 625 2492 nunc
655 2463 912 2514 pronomen
946 2464 1164 2514 uocamus
1196 2449 1393 2495 finitum
1435 2451 1561 2509 quod
1593 2454 1641 2513 et
1670 2465 1784 2496 uera
1814 2450 1995 2494 ratione

160 2525 315 2586 solum
338 2541 597 2584 pronomen
627 2532 698 2572 est
726 2529 998 2586 dicendum3
1032 2545 1143 2587 ergo
1173 2512 1372 2587 Romani
1405 2546 1586 2587 quoque
1605 2531 1778 2595 artium
1801 2530 1997 2588 scripto-

158 2620 232 2650 res
268 2607 523 2652 stoicorum
557 2603 703 2654 secuti
734 2613 882 2667 magis
914 2608 1216 2654 traditionem
1246 2605 1523 2668 pronOmina
1554 2611 1685 2655 finita
1711 2607 1930 2655 dixerunt
1952 2615 1998 2663 et

157 2672 360 2758 infinita&
388 2693 495 2733 nam
530 2689 749 2734 articulos
781 2698 875 2734 'non
906 2691 1080 2735 habent
1111 2706 1146 2735 e.
1172 2694 1213 2748 q'.
1236 2691 1288 2735 s.'
1310 2718 1369 2723 —
1396 2692 1531 2735 aliter
1562 2691 1808 2749 Dionysius
1842 2688 1999 2735 Thrax

158 2761 470 2826 pfssmssekk„
502 2769 559 2816 cf.
592 2772 745 2830 Apoll.
777 2773 835 2816 de
867 2786 1003 2830 pron.
1040 2789 1086 2830 p.
1105 2770 1135 2817 4
1163 2773 1220 2818 31.
1267 2770 1341 2816 Μ.·
1360 2772 1573 2817 Schmidt
1602 2772 1688 2816 1.s.
1720 2786 1766 2829 p.
1791 2772 1894 2817 513.
1947 2771 1997 2816 G.

160 2847 452 2899 Schoemann
482 2852 612 2898 lehre
640 2866 689 2898 v.-
718 2854 760 2897 d.
793 2854 971 2898 redeth.
1003 2868 1049 2911 Ρ,
1070 2853 1157 2898 119
1183 2867 1247 2910 sq.
1605 2873 1610 2881 ·

316 2933 375 2989 2)
407 2933 529 2990 Num
557 2938 637 2979 ille
663 2932 770 2979 huic
787 2933 923 2980 classi
940 2933 1318 2979 adnumerauerit
1339 2933 1501 2978 dubito
1525 2934 1582 2978 cf.
1599 2932 1750 2979 Diom.
1768 2949 1814 2991 p.
1831 2932 1998 2990 32955:

163 3013 378 3069 ‘qualitas
408 3013 541 3059 finita
569 3015 617 3058 in
648 3016 798 3073 prima
832 3020 879 3060 et
911 3016 959 3059 in
991 3015 1193 3060 secunda
1222 3030 1420 3072 persona
1437 3018 1523 3071 est,
1554 3014 1737 3058 infinita
1768 3018 1817 3059 et
1848 3015 1998 3058 minus

164 3107 300 3150 quam
329 3093 461 3138 finita
491 3095 539 3138 in
571 3096 713 3139 tertia
746 3096 996 3140 inuenitur.
1029 3096 1161 3140 finita
1192 3100 1276 3150 est,
1319 3111 1434 3152 quae
1469 3099 1602 3139 notat
1634 3099 1814 3140 certum
1843 3109 2000 3138 nume-

161 3165 348 3219 ramnes
378 3170 558 3220 certum
589 3180 769 3233 gestum
804 3177 968 3234 dirigit
1001 3178 1062 3221 ad
1093 3181 1271 3221 certam
1302 3190 1548 3234 personam
1583 3179 1637 3220 ut
1669 3190 1769 3233 ego.
1818 3175 2002 3219 infinita

163 3257 257 3308 mg
284 3266 403 3310 quae
437 3260 614 3301 certam
654 3269 749 3301 non
787 3258 958 3314 recipit
997 3271 1245 3314 personam
1286 3258 1367 3301 sed
1408 3255 1602 3301 cuilibet
1646 3258 1804 3312 potest
1834 3255 2000 3311 aptari,

165 3335 346 3391 unquis
376 3338 648 3393 quaequod,
679 3338 828 3382 minus
858 3349 994 3394 quam
1026 3337 1158 3381 finita
1191 3342 1262 3382 est
1294 3350 1410 3394 quae
1441 3337 1581 3381 certis
1611 3339 1660 3380 et
1688 3335 1880 3380 incertis
1898 3349 2000 3392 per·

166 3415 292 3459 sonis
321 3417 474 3473 aptari
502 3421 674 3474 potest,
703 3422 759 3462 ut
787 3418 915 3475 ipse’.
963 3418 1093 3462 Seru.
1115 3418 1185 3461 -ad
1214 3419 1333 3462 Don.
1365 3433 1408 3474 p.
1426 3416 1564 3460 1785:
1597 3418 1698 3460 ‘ille
1729 3416 2001 3471 plerumque

166 3495 390 3551 uariatur,
421 3509 529 3541 nam
559 3498 600 3543 si
624 3498 688 3542 ad
719 3497 979 3554 praesentis
1008 3509 1256 3554 personam
1287 3497 1507 3550 refertur,
1543 3499 1655 3540 tunc
1675 3499 1803 3540 recte
1821 3494 2002 3539 finitum

170 3578 265 3632 est3
302 3575 341 3619 si
371 3576 429 3620 de
463 3578 652 3622 absente
683 3578 878 3632 dicatur,
913 3577 1063 3622 minus
1094 3588 1234 3634 (fuam
1259 3576 1446 3621 finitum
1480 3576 1600 3619 est's
