2314 4056
1256 308 1351 355 192

391 468 530 508 aera.
611 451 935 506 breuitatem
987 470 1200 524 quoque
1248 460 1432 507 acutae
1476 453 1626 506 uncis
1675 455 1737 508 in=
1766 456 1960 511 iisdem
1994 460 2210 529 organis

392 541 825 601 animaduertere
861 541 1064 609 licebit,
1097 542 1364 613 siquidem
1402 543 1656 614 inpulsu
1695 544 2018 603 chordarum-
2049 549 2210 605 citius

397 639 550 687 acuta
586 633 898 700 transuolat,
937 633 1126 702 grauis
1161 641 1339 685 autem
1374 633 1576 687 diutius
1613 635 1831 689 auribus
1878 636 2207 696 immoratur.

389 723 550 777 etiam
587 723 736 795 ipsae
781 724 1031 791 chordae,
1058 742 1193 793 quae
1221 726 1448 778 crassius
1474 734 1680 795 sonant,
1713 727 1992 797 longiores
2025 729 2209 785 uiden-

341 820 477 865 5tur
514 813 639 883 quia
673 814 848 867 laxius
882 814 1196 867 tenduntur.
1239 815 1369 868 item
1406 815 1465 869 in
1501 817 1679 870 fistula
1718 817 1823 870 duo
1867 817 2057 872 calami
2089 819 2209 874 bm-

387 903 609 971 uissimi,
634 903 721 974 qui
749 904 1089 960 acutissimae
1114 906 1282 974 uocis,
1311 907 1473 960 tibiae
1502 925 1717 979 quoque
1757 909 2027 963 acutiores
2059 927 2206 979 quae

385 993 683 1063 breuioreS,
722 1001 775 1047 et
809 994 893 1048 his
935 995 1199 1048 foramina
1240 1016 1398 1067 quam
1437 1004 1560 1049 sunt
1593 997 1674 1049 ori
1709 997 1970 1070 proxima:
1998 1006 2060 1052 etv
2084 999 2209 1053 bre-

387 1083 551 1138 uioris
590 1084 728 1137 aeris
765 1092 972 1139 motum
1001 1086 1401 1155 persentiscunt
1439 1095 1551 1140 tam
1584 1105 1779 1141 uocem
1814 1087 2053 1144 reddunt
2088 1098 2208 1144 acu—

386 1183 508 1229 tam.
583 1176 660 1230 sic
698 1174 754 1228 in
790 1175 1128 1244 loquentium
1163 1176 1576 1248 legentiumque
1613 1197 1767 1247 uoce,
1799 1179 1893 1233 ubi
1927 1187 2052 1234 sunt
2085 1197 2209 1253 pro-

312 1272 368 1316 10
391 1266 576 1319 sodiae
611 1266 764 1319 uelut
803 1265 1066 1335 quaedam
1097 1266 1449 1335 διαστήματα,
1487 1276 1642 1322 acuta
1676 1270 1891 1324 tenuior
1931 1277 2013 1327 est
2051 1283 2211 1340 quam

387 1343 570 1425 grauis
606 1364 663 1411 et
699 1357 880 1410 breuis
917 1356 1070 1425 adeO,
1109 1366 1167 1411 ut
1203 1376 1314 1411 non
1352 1359 1571 1428 longius
1611 1378 1770 1428 quam
1791 1377 1893 1430 per
1911 1378 2074 1414 unam
2101 1361 2209 1431 syl·
2259 1419 2268 1423 ,

384 1447 562 1500 labam
602 1447 732 1519 quin
765 1447 928 1502 immo
962 1464 1062 1517 per
1092 1467 1263 1501 unum
1297 1456 1509 1519 tempus
1545 1450 1906 1520 protrahatur,
1930 1469 2054 1504 cum
2083 1469 2205 1522 gra-

386 1536 467 1590 uis
506 1555 610 1606 quo
647 1537 868 1591 uberior
905 1545 958 1591 et
987 1538 1191 1591 tardior
1228 1547 1308 1591 est
1349 1539 1548 1594 diutius
1582 1540 1641 1594 in
1676 1541 1846 1594 uerbo
1879 1548 2120 1594 moretur
2154 1548 2208 1594 et

384 1627 606 1683 iunctim
650 1628 891 1698 quamuis
930 1628 987 1681 in
1024 1629 1205 1682 multis
1246 1630 1469 1699 syllabis
1504 1630 1723 1685 residat.
1797 1630 2050 1700 quocirca
2084 1650 2207 1702 gra.-

302 1725 363 1774 ,15
383 1734 477 1771 ues
518 1725 640 1770 sunt
668 1735 893 1771 numero
923 1719 1124 1791 plureS,
1149 1720 1432 1790 pauciores
1460 1729 1666 1790 acutae,
1691 1721 1866 1775 flexae
1885 1720 2206 1775 rarissimae.

522 1808 734 1863 Acutae
782 1816 910 1862 nota
954 1817 1034 1862 est
1081 1810 1299 1880 uirgula
1353 1831 1384 1863 a
1420 1811 1635 1865 sinistra
1672 1818 1824 1882 parte
1863 1811 2207 1866 dextrorsum

383 1899 614 1952 sublime
653 1898 918 1969 fastigata.
1006 1900 1189 1970 grauis
1227 1908 1407 1953 autem
1449 1908 1666 1955 notatur
1703 1901 1865 1957 simili
1900 1902 2116 1972 uirgula
2151 1901 2207 1954 in

385 1990 571 2045 eadem
621 1997 773 2061 parte
824 1990 1083 2060 depresso
1139 1992 1378 2063 fastigio,
1427 2011 1564 2063 quae
1618 2001 1778 2046 notae
1834 1993 2207 2046 demonstrant

382 2099 597 2134 omnem
635 2088 847 2135 acutam
883 2099 1076 2135 uocem
1115 2101 1325 2135 sursum
1379 2100 1494 2136 esse
1551 2090 1604 2135 et
1657 2101 1880 2154 grauem
1937 2081 2204 2147 deorsum.

291 2176 348 2220 20
381 2170 557 2240 ipsum
601 2171 759 2223 etiam
794 2170 1119 2223 musicorum
1149 2171 1374 2225 docetur
1401 2173 1787 2244 diagrammate
1823 2171 1880 2224 in
1918 2189 2025 2240 quo
2061 2170 2204 2243 tropi

385 2280 481 2333 pro
532 2262 781 2314 acumine
831 2281 1027 2315 uocum
1082 2262 1388 2332 superiores
1429 2263 1757 2332 scribuntur,
1794 2261 2027 2332 denique
2064 2280 2204 2314 sum-

381 2370 499 2405 mus
537 2352 903 2423 hyperlydius
945 2353 1067 2422 quia
1102 2354 1459 2424 acutissimuS,
1496 2353 1712 2407 infimus
1734 2352 2072 2424 hypodorius
2097 2370 2202 2422 quo

379 2512 576 2565 namque
607 2501 826 2542 accentus
845 2498 951 2542 ideo
972 2498 1190 2542 inuentus
1208 2501 1292 2554 est,
1324 2499 1449 2555 quod
1480 2502 1615 2543 acuat
1645 2499 1741 2542 siue
1773 2499 1924 2542 eleuet
1955 2497 2202 2554 syllabam3

380 2558 535 2614 grauis
568 2572 678 2602 uero
712 2572 780 2612 eo,
814 2558 937 2613 quod
967 2557 1198 2614 deprimat
1229 2562 1309 2601 aut
1333 2558 1556 2614 deponat.
1590 2557 1909 2602 circumflexus
1939 2556 2044 2600 ideo
2078 2556 2203 2612 quod

385 2617 616 2674 deprimat
645 2620 691 2661 et
722 2620 871 2660 acuat.
938 2616 1045 2660 Isid.
1080 2617 1196 2674 orig.
1228 2617 1250 2660 Ι
1281 2616 1433 2672 17,1:
1475 2620 1707 2672 accentus,
1738 2617 1815 2686 qui
1845 2630 2010 2673 graece
2039 2629 2200 2685 proso-

379 2676 456 2719 dia
502 2680 587 2730 est,
631 2691 687 2720 ex
717 2690 884 2732 graeco
913 2690 1081 2720 nomen
1121 2676 1316 2732 accepit,
1361 2690 1468 2719 nam
1496 2691 1662 2733 graece
1692 2671 1808 2734 ποός
1836 2675 1895 2719 ad
1923 2674 2080 2730 latine,
2110 2668 2206 2729 ᾠδή

383 2749 549 2802 graece
584 2736 728 2778 latine
760 2738 923 2778 cantus
956 2738 1066 2778 est.
1120 2739 1366 2779 ,accentus
1398 2739 1552 2779 autem
1586 2736 1751 2789 dictus,
1786 2734 1909 2790 quod
1936 2734 2068 2777 iuxta
2098 2746 2202 2775 can-

381 2798 479 2836 tum
512 2794 572 2838 sit
602 2795 721 2837 sicut
753 2793 1025 2837 aduerbium
1060 2795 1184 2850 quod
1225 2793 1357 2837 iuxta
1397 2795 1591 2838 uerbum
1633 2798 1716 2837 est.
1788 2796 1950 2837 acutus
1982 2794 2200 2836 accentus

379 2852 544 2908 dictus,
578 2853 703 2908 quod
733 2856 870 2895 acuat
901 2856 948 2895 et
980 2853 1130 2909 erigat
1162 2853 1397 2908 syllabam,
1431 2853 1588 2909 grauis
1624 2853 1748 2908 quod
1779 2852 2008 2908 deprimat
2047 2853 2096 2894 et
2127 2849 2202 2892 de-

379 2915 539 2967 ponat,
576 2915 647 2955 est
683 2911 805 2955 enim
836 2912 1096 2954 contrarius
1128 2915 1278 2955 acuto.
1340 2912 1674 2978 circumflexus,
1719 2911 1826 2966 quia.
1873 2910 1930 2954 de
1970 2911 2106 2954 acuto
2154 2910 2202 2951 et

379 2970 512 3027 graui
544 2973 740 3025 constat,
776 2970 1003 3026 incipiens
1039 2970 1158 3013 enim
1197 2971 1253 3013 ab
1287 2974 1422 3014 acuto
1453 2970 1501 3013 in
1532 2985 1722 3027 grauem
1753 2970 1935 3025 desinit,
1968 2972 2106 3024 atque
2135 2967 2202 3010 ita

382 3030 491 3074 dum
523 3029 731 3074 ascendit
762 3032 810 3073 et
844 3029 1099 3083 descendit,
1131 3028 1450 3073 circumflexus
1482 3028 1695 3074 efficitur.
1769 3032 1930 3073 acutus
1969 3032 2124 3071 autem
2155 3029 2202 3070 et

522 3166 550 3210 1
585 3162 877 3210 brebitatem
915 3163 964 3210 L
986 3155 1011 3227 ΙΙ
1033 3163 1186 3210 isdem
1221 3163 1270 3211 L
1294 3162 1318 3219 Η
1345 3164 1374 3210 2
1412 3163 1464 3210 111
1497 3179 1586 3212 om.
1625 3163 1688 3212 L.
1725 3157 1749 3225 ΙΙ
1785 3161 2041 3208 cordarum
2077 3159 2126 3207 L
2166 3158 2199 3216 ΙΙ

381 3235 409 3282 3
449 3233 722 3280 transuolai
755 3234 805 3281 L
829 3228 853 3296 ΙΙ
876 3235 906 3280 4
943 3233 1119 3280 cordae
1150 3233 1198 3280 L
1241 3234 1264 3290 ΙΙ
1304 3234 1332 3280 5
1388 3234 1650 3281 tendentur
1681 3248 1806 3282 corr.
1843 3233 1898 3280 in·
1930 3229 2200 3278 tenduntur

380 3297 477 3386 Ll]
503 3306 532 3351 6
566 3304 718 3351 tiuiae
755 3319 851 3366 qno
885 3304 1126 3356 acutiores
1146 3304 1223 3351 L·
1218 3305 1296 3360 17
1336 3304 1433 3350 sint
1469 3318 1595 3352 corr.
1629 3306 1685 3352 in
1726 3300 1908 3349 suntL
1930 3293 1956 3363 ΙΙ
1982 3299 2058 3345 10
2087 3293 2199 3342 dta-

378 3366 636 3440 mmmm]
658 3373 1027 3431 istaminach.
1045 3387 1202 3432 supra
1220 3389 1273 3434 ρ.
1296 3374 1360 3422 59
1383 3375 1408 3431 ΙΙ
1436 3373 1495 3420 17
1518 3387 1584 3422 an
1601 3373 1654 3419 in
1675 3371 1875 3419 eandem
1892 3372 2101 3433 partem
2119 3366 2200 3414 de-

376 3459 547 3507 pressa
579 3460 608 3490 a
643 3441 881 3504 fastigio?
919 3446 944 3498 11
988 3443 1050 3490 18
1090 3441 1322 3506 depressa
1360 3443 1410 3491 L
1436 3443 1470 3499 ΙΙ
1513 3443 1578 3490 20
1613 3435 2110 3539 diagrammataeLH
2132 3438 2192 3484 21

378 3531 542 3562 sumus
577 3512 657 3560 hic
695 3530 784 3577 per
818 3514 966 3560 lidius
989 3513 1037 3560 L
1060 3505 1085 3577 Η
1110 3514 1173 3559 22
1210 3529 1307 3576 quo
1332 3529 1458 3562 corr
1479 3516 1532 3562 in
1565 3529 1663 3576 qua
1682 3513 1730 3562 L
1753 3514 1778 3571 Η
2043 3532 2062 3552 2*
