2222 4056
1179 347 1242 394 92

298 492 529 560 uidetur,
586 492 640 543 in
676 509 900 561 quorum
937 491 1374 560 pronuntiatione
1414 510 1524 544 non
1557 509 1779 562 prorsus
1816 474 2117 550 constiterit

297 603 423 635 num
462 584 606 654 perI
642 581 775 634 anE
811 581 1046 634 litteram
1086 584 1413 636 enuntianda
1451 585 1558 637 sint
1584 585 1674 653 (fr.
1694 586 1804 654 45).
1841 595 1991 643 mium
2006 607 2108 660 pro

294 693 461 735 meum,
503 680 824 726 commireium
862 689 960 741 pro
1000 681 1341 736 commercium,
1387 680 1664 728 Mircurius
1699 695 1796 747 pro
1826 684 2113 734 ‘Mercurius
2172 669 2174 672 Α

298 764 469 815 audiri
495 764 645 815 dixit.
685 764 823 816 hanc
844 764 1338 832 pronuntiationem
1361 764 1404 816 si
1425 766 1675 818 tuebatur
1701 766 1760 818 in
1781 766 2111 838 Mercurio¹)

297 853 440 922 quod
478 854 841 906 mirandarum
880 871 1062 906 rerum
1113 862 1253 905 esset
1288 854 1556 923 inuentor,
1598 856 1826 910 alteram
1865 859 2113 930 profecto

295 944 562 996 Mercurio
605 963 634 994 a
675 961 853 996 merce
892 944 1052 996 ducto
1090 943 1183 1013 (cf.
1225 945 1378 998 Paul.
1418 965 1469 1016 p.
1494 946 1617 1014 124)
1646 955 1841 1000 tacere
1873 967 1984 1002 non
2020 967 2114 1021 po-

294 1033 407 1084 tuit.
443 1053 566 1086 nam
606 1034 734 1084 licet
769 1052 931 1085 sonus
968 1034 996 1084 I
1032 1034 1246 1086 litterae
1286 1034 1342 1086 in
1380 1035 1577 1088 talibus
1615 1038 1917 1091 uocabulis
1929 1040 2113 1112 paullo

296 1123 574 1176 obscurior
619 1123 784 1176 fuerit
821 1124 915 1192 (cf.
951 1124 1135 1191 Quint.
1172 1124 1294 1178 inst.
1317 1133 1447 1179 orat.
1471 1126 1567 1190 14,
1596 1127 1644 1180 8.
1670 1127 1748 1180 17.
1796 1127 1948 1182 Paul.
1988 1130 2115 1182 ami-

293 1213 446 1266 citiae
483 1231 534 1283 p.
570 1215 649 1265 15.
727 1212 872 1267 Gell.
906 1214 961 1267 X
997 1214 1089 1283 24,
1133 1215 1190 1282 8)
1232 1215 1495 1268 Varronis
1545 1224 1789 1289 tempore
1844 1239 1956 1274 non
2004 1239 2113 1273 ma-

293 1303 376 1372 gis
426 1304 822 1373 elegantior-um
859 1304 1135 1358 hominum
1170 1314 1300 1374 erat,
1334 1307 1413 1360 I
1399 1326 1454 1359 1n
1491 1307 1575 1362 his
1614 1309 1912 1379 enuntiare,
1953 1329 2113 1382 quam

293 1397 452 1449 Velio
488 1396 680 1468 Longo
721 1398 937 1469 placuit.
1003 1406 1056 1450 et
1105 1399 1221 1468 ipse
1260 1398 1436 1453 Varro
1491 1400 1585 1468 (de
1619 1401 1752 1472 ling.
1793 1402 1882 1455 lat
1919 1402 1972 1455 V
2010 1403 2110 1458 178

291 1505 342 1556 p.
377 1487 497 1552 177)
530 1494 791 1541 mercedem
828 1508 857 1540 a
891 1494 1116 1541 merendo
1159 1488 1320 1542 ducit.

457 1579 508 1630 V
547 1578 781 1630 litteiam
817 1587 940 1631 ante
977 1580 1224 1632 uocalem
1260 1581 1490 1652 positam
1527 1600 1648 1635 cum
1675 1518 1948 1652 digamma
1967 1584 2111 1638 Aeo·

291 1668 395 1719 lico
433 1669 746 1739 conparauit
786 1671 871 1735 (fr.
898 1669 988 1739 46)
1009 1671 1052 1739 2)
1096 1672 1436 1741 eundemque
1475 1672 1524 1725 ei
1563 1691 1754 1726 sonum
1791 1674 1983 1727 tribuit
2016 1675 2108 1742 (cf.

290 1758 593 1812 Schneider
627 1759 661 1811 l.
684 1760 717 1813 1.
753 1779 803 1831 p.
827 1760 943 1813 357.
989 1759 1225 1815 Oorssen
1258 1763 1291 1814 l.
1313 1763 1348 1815 1.
1390 1781 1441 1834 p.
1473 1763 1571 1816 193
1587 1782 1667 1833 sq.
1716 1764 1780 1819 F.
1802 1764 2110 1819 Buecheler

288 1900 474 1942 dicimus
507 1914 543 1942 0.
567 1914 612 1955 q.
631 1915 665 1944 s.
699 1899 746 1943 in
777 1900 1054 1957 recipiendis
1087 1903 1267 1947 omissis
1289 1904 1445 1947 uerbis
1473 1904 1521 1948 in
1538 1891 1747 1948 ordinem
1765 1885 1980 1963 neglecta
1995 1890 2118 1957 {sunt

287 1978 432 2035 signa,
479 1992 593 2035 quae
637 1979 921 2036 singulorum
961 1980 1127 2026 locum
1155 1982 1406 2039 significari
1446 1974 1630 2039 solent,=
1657 1976 1814 2041 itaque
1848 1986 1991 2030 uerba
2028 2003 2114 2030 εω-

288 2068 438 2118 treme.
473 2070 527 2113 et,
561 2078 646 2103 mm
674 2060 789 2104 falso
819 2061 920 2105 loco
948 2062 1123 2106 inserta
1161 2066 1282 2117 sunt,
1326 2078 1417 2119 qua
1448 2063 1496 2107 in
1526 2079 1592 2119 re,
1634 2049 1813 2108 intrusa
1847 2068 1895 2109 et
1929 2065 1988 2109 ad
2019 2069 2104 2122 syl·

286 2140 387 2182 laba
419 2140 762 2184 accommodata
779 2156 893 2185 uoce
918 2153 1125 2203 extreme,
1170 2144 1446 2187 uocabulum
1479 2147 1652 2201 plurali
1679 2147 1726 2188 et
1758 2144 1918 2188 littera
1953 2163 2011 2189 -e-
2038 2145 2108 2190 in-

284 2218 484 2262 tercidit.
516 2224 758 2275 praeterea
774 2224 927 2264 autem
951 2224 1149 2275 aliunde,
1178 2223 1303 2278 quod
1333 2223 1443 2279 quid
1473 2223 1560 2268 sibi
1594 2223 1710 2267 uelit
1741 2238 1836 2268 non
1865 2224 2106 2282 adsequor,

284 2297 333 2341 in
364 2301 499 2343 aliter
532 2301 725 2343 correxi.
767 2301 815 2344 in
843 2302 1059 2344 extremis
1090 2303 1245 2347 uerbis
1278 2314 1325 2348 ut
1358 2318 1750 2358 superuacaneum
1776 2304 1826 2354 ‚et
1855 2319 1940 2363 pro
1971 2315 2013 2350 et
2043 2307 2109 2349 dn·-

285 2395 417 2421 uersa
450 2378 644 2423 fortasse
673 2398 750 2424 uec
784 2383 964 2425 diuersa
995 2382 1287 2426 scribendum
1320 2387 1405 2438 est,
1437 2383 1527 2427 nisi
1545 2384 1632 2428 hoc
1654 2383 1911 2429 obscuriori
1931 2384 2112 2435 cuidam

286 2457 447 2514 generi
477 2458 662 2502 dicendi
693 2460 897 2504 tribuere
933 2461 1094 2506 mauis.

450 2538 493 2593 1)
526 2539 860 2594 MIRQVRIOS
906 2541 1078 2597 legitur
1119 2542 1167 2585 in
1211 2543 1397 2600 speculo
1443 2547 1625 2588 etrusco
1675 2524 1798 2601 apud
1840 2503 2109 2604 Eduarduin

287 2616 494 2662 Gerhard
523 2619 618 2663 tab.
632 2619 730 2663 182.
764 2619 946 2665 Ritschl
976 2621 1113 2679 prisc.
1141 2623 1221 2666 lat.
1247 2638 1369 2668 mon.
1389 2623 1533 2681 epigr.
1555 2624 1577 2666 I
1599 2623 1650 2667 F
1704 2623 1927 2668 Similiter
1958 2625 2113 2681 autem

286 2699 382 2740 elios
414 2713 499 2754 pro
537 2701 637 2743 cleos
670 2701 884 2758 antiquos
917 2703 1242 2758 pronuntiasse
1277 2704 1395 2747 dixit
1435 2704 1484 2746 in
1522 2705 1644 2748 libro
1669 2704 1827 2766 'tertio
1866 2703 1922 2748 de
1953 2703 2114 2760 lingua

283 2777 426 2821 latina
457 2778 529 2831 (fr.
547 2778 610 2834 4),
643 2780 699 2823 ab
731 2780 818 2824 hoc
853 2782 1079 2837 pluralem
1110 2785 1169 2836 di,
1204 2798 1231 2826 a
1261 2787 1395 2827 mium
1428 2785 1695 2828 uocatiuum
1727 2789 1787 2828 mi
1817 2783 1966 2830 duxit.

448 2859 492 2914 2)
525 2859 736 2903 Seruauit
766 2860 854 2905 hoc
897 2862 1212 2906 testimonium
1251 2863 1480 2917 Cornutus
1529 2865 1652 2921 apud
1690 2865 2029 2910 Cassiodorium
2064 2879 2108 2921 p.

285 2936 416 2992 2282,
459 2952 655 2994 quocum
696 2954 886 2996 prorsus
929 2942 1143 2998 congruit
1184 2942 1451 2986 Priscianus
1486 2943 1507 2986 I
1533 2943 1574 2997 4,
1599 2944 1656 2988 20
1687 2960 1730 3000 p.
1752 2944 1821 2989 15.
1881 2944 2109 2989 Prisciani

288 3016 440 3060 locum
460 3017 741 3063 Ritschelius
772 3019 904 3064 libris
934 3021 991 3064 de
1015 3021 1192 3077 origine
1222 3021 1405 3077 linguae
1437 3022 1607 3066 latinae
1641 3023 1888 3080 adscripsit
1922 3024 2112 3086 (quaest.

286 3097 419 3144 Varr.
451 3113 497 3154 p.
515 3098 605 3154 27),
639 3099 744 3155 quia
777 3114 853 3143 eos
889 3101 1241 3157 grammaticum
1269 3101 1451 3144 nouisse
1485 3105 1732 3146 constaret.
1788 3088 1877 3146 sed.
1899 3106 2025 3148 recte
2055 3103 2110 3146 H.

285 3176 389 3220 Keil
433 3182 610 3234 quaest.
653 3194 846 3235 gramm.
893 3195 936 3236 p.
972 3180 1028 3223 10
1082 3180 1154 3234 (cf.
1197 3180 1259 3224 M.
1293 3181 1502 3224 Schmidt
1545 3182 1728 3237 Didymi
1775 3182 2009 3241 Chalcent.
2056 3182 2111 3226 fr.

285 3273 328 3313 p.
347 3257 433 3301 345
456 3260 539 3313 sq.)
580 3258 712 3314 uidit,
758 3259 870 3302 haec
916 3259 1201 3303 Priscianum
1245 3259 1441 3315 Didymo
1487 3261 1669 3317 debere,
1717 3262 1796 3318 qui
1839 3261 2022 3306 etiamsi
2055 3277 2111 3307 ex

284 3338 492 3395 pluribus
525 3338 656 3383 libris
693 3354 745 3383 ea
778 3341 1033 3384 transferre
1064 3341 1231 3396 potuit,
1262 3343 1418 3384 tamen
1449 3341 1499 3384 in
1529 3355 1680 3397 opere,
1715 3342 1789 3386 cui
1835 3341 2112 3400 inscriptum

285 3422 386 3462 erat
419 3422 524 3476 περὶ
554 3420 629 3473 τῆς
662 3417 786 3478 παρὰ
814 3418 1050 3479 Ῥωμαίοις
1079 3417 1325 3478 ἀναλογίας
1358 3420 1515 3477 (Prisc.
1537 3421 1579 3464 11
1614 3437 1658 3478 p.
1674 3421 1781 3477 411)
1812 3422 1886 3466 uel
1921 3422 1979 3467 de
2008 3421 2111 3466 lati-

284 3498 429 3542 nitate
461 3499 624 3554 (Prisc.
645 3499 667 3543 Ι
697 3515 742 3556 p.
758 3499 880 3556 548),
911 3500 1105 3544 fortasse
1135 3501 1279 3544 libros
1313 3501 1370 3544 de
1405 3515 1614 3545 sermone
1642 3501 1787 3546 latino
1817 3502 2109 3559 potissimum

283 3578 502 3635 respexit,
536 3593 650 3634 quae
683 3579 878 3636 suspitio
911 3579 1211 3623 confirmatur
1243 3594 1469 3624 consensu
1497 3580 1578 3624 1110
1613 3595 1716 3624 cum
1745 3581 1961 3625 Cornuto.
