2294 4062
1055 315 1084 361 7

160 463 631 525 cum2uniuersam
676 463 746 519 de
780 464 1073 527 uerborum
1110 463 1408 534 generibus
1453 471 1506 515 et
1541 465 1827 536 speciebus
1867 465 1992 519 doc-

158 550 372 622 trinam,
421 559 536 606 tum
576 573 799 607 casuum
836 553 1200 624 obliquorum,
1254 553 1342 623 qui
1394 573 1514 608 cum
1553 554 1738 608 uerbis
1777 555 1993 608 coniun-

158 650 364 715 guntur
385 644 808 716 explicationem
828 644 912 714 (L.
926 644 1128 698 D.V11
1148 643 1216 697 64
1237 664 1315 716 sq.
1344 643 1595 699 Schmidt
1614 645 1648 697 l.
1664 646 1698 698 l.
1722 646 1852 718 p.57
1868 646 1991 716 sq.).

157 733 214 788 in
246 734 428 807 plenis
468 734 755 789 enuntiatis
796 732 1070 799 ἀξιώματα
1107 736 1396 807 ponebant.
1439 733 1648 800 ἀξίωμα
1690 736 1746 785 ὸέ
1782 735 1923 786 ἐστιν
1962 733 1990 787 ὅ

157 824 296 878 ἐστιν
339 823 534 894 ἀληθὲς
577 820 609 891 ἢ
646 825 843 891 ψεῦδος
882 823 912 892 ἢ
951 826 1171 894 πρᾶγμα
1211 824 1481 886 αὐτοτελὲς
1523 807 1828 894 ἀποφανὶὸν
1865 825 1994 878 ὅσον

158 913 246 984 ἐφ’
284 908 459 985 ἑαυτῷ
511 909 544 983 ἢ
591 916 943 984 καταφαντόν,
998 911 1070 976 ὥς
1119 913 1148 967 ὅ
1203 915 1521 983 Χρύσιππός
1574 935 1736 984 φησιν
1781 916 1836 967 ἐν
1885 922 1991 978 τοῖς

161 1005 506 1066 διαλεκτικοῖς
546 1002 723 1074 ὅροις·
762 998 872 1057 οἷον
912 1004 1086 1074 ἡμέρα
1128 1007 1257 1070 ἐστι’,
1298 1006 1445 1059 Δίων
1489 1012 1776 1075 περιπατεῖ
1807 1008 1892 1077 (L,
1918 1009 1990 1062 D,

158 1096 272 1154 VII
293 1095 402 1166 65).
436 1097 572 1150 haec
606 1097 804 1151 iterum
826 1106 916 1152 aut
938 1098 1202 1171 simplicia
1238 1106 1328 1152 aut
1358 1098 1639 1171 conposita
1663 1116 1781 1152 esse
1809 1099 1990 1152 existi-

159 1188 376 1250 mabant
408 1187 499 1256 (L.
520 1189 590 1241 D.
612 1182 726 1243 VII
747 1189 830 1242 68.
869 1187 1023 1243 Sext.
1045 1190 1202 1262 Emp.
1224 1190 1366 1242 VIII
1386 1191 1495 1259 93.)
1535 1190 1872 1263 simplicibus
1902 1190 1991 1243 ad·

157 1279 515 1333 numerabant
565 1276 813 1345 ἐρώτημα
850 1278 1033 1345 πύσμα
1074 1276 1445 1345 προς-τακτικὸν
1485 1276 1697 1345 ὁρκικὸν
1739 1277 1990 1345 ἀρατικὸν

148 1363 471 1419 >ὗποθετικὸν
538 1366 807 1419 §weram
882 1365 1248 1434 θαυμαστικόν
1317 1365 1709 1436 ἐπαπορητικόν
1771 1370 1992 1436 πρᾶγμα

159 1454 344 1524 ὅμοιον
396 1457 673 1529 ἀξιώματι,
729 1480 958 1532 quorum
1009 1460 1351 1515 definitiones
1392 1462 1651 1532 leguntur
1687 1479 1770 1531 ap.
1821 1460 1882 1512 L.
1920 1461 1989 1514 D.

159 1550 277 1604 VII
311 1551 379 1605 66
408 1569 487 1620 sq.
560 1551 820 1605 Ammon.
858 1551 928 1604 ad
966 1551 1196 1606 Aristot.
1248 1572 1299 1600 π.
1341 1545 1458 1617 ἑρμ.
1500 1572 1551 1624 p,
1588 1550 1680 1605 96²¹
1718 1552 1810 1604 ΒΓ,
1851 1550 1989 1605 Geo,

161 1639 430 1696 Choerob.
452 1659 506 1712 p.
531 1643 663 1695 1178
683 1643 747 1696 Β.
784 1662 837 1714 p.
865 1643 964 1695 739
996 1642 1165 1697 Gaisf.
1217 1642 1497 1713 Anonym.
1521 1642 1687 1698 Coisl.
1712 1661 1766 1713 p.
1787 1642 1879 1695 93²¹
1897 1642 1990 1694 ΒΓ.

158 1739 446 1805 praeterea,
474 1732 802 1805 simplicium
840 1730 1154 1799 ἀξιωμάτων
1195 1741 1345 1787 erant
1383 1732 1488 1786 alia
1533 1728 1866 1800 υἷποφαντικά
1902 1751 1991 1787 κα-

94 1963 102 1970 ’
157 1956 679 2014 XV1114.11p.211H.,
714 1958 793 2013 qui
823 1958 1009 2014 quidem
1047 1958 1176 2002 locus
1208 1961 1304 2001 tam
1336 1959 1557 2002 turbatus·
1584 1962 1667 2012 est,
1700 1961 1754 2001 ut
1785 1971 1932 2012 neque
1964 1969 1991 1998 a

156 2039 361 2084 librariis
391 2038 461 2082 ita
491 2042 763 2096 corruptum
794 2053 944 2094 neque
976 2053 1003 2082 a
1031 2038 1260 2095 scriptore
1291 2053 1390 2082 rem
1420 2042 1517 2082 tam
1547 2039 1666 2082 male
1697 2043 1990 2095 perspectam

154 2134 270 2174 esse,
303 2119 388 2164 sed
415 2119 642 2164 lectorem
671 2133 866 2174 eumque
902 2133 995 2161 non
1025 2119 1199 2175 optime
1230 2119 1419 2163 doctum
1450 2118 1564 2162 haec
1595 2119 1821 2162 adiecisse
1843 2120 1990 2164 credi—

155 2198 317 2254 derim,
347 2199 412 2243 ita
450 2198 637 2257 scribit:
672 2200 735 2241 ‘et
766 2198 1004 2243 sciendum
1036 2199 1160 2254 quod
1177 2198 1257 2242 has
1277 2198 1462 2254 quidem
1484 2198 1854 2242 constructiones
1874 2214 1990 2256 quae

155 2294 239 2336 per
267 2278 606 2325 nominatiuum
635 2279 954 2333 absoluuntur‚
987 2279 1122 2323 stoici
1152 2274 1382 2338 ἀξιώματα
1417 2280 1491 2322 uel
1513 2271 1804 2338 συμβάματα,
1836 2278 1886 2321 id
1919 2281 1991 2322 est

157 2360 408 2418 dignitates
441 2361 517 2404 uel
544 2359 876 2416 congruitates,
905 2360 1148 2414 uocabant,
1180 2363 1233 2403 ut
1265 2374 1350 2416 ego
1368 2359 1629 2403 Priscianus
1650 2359 1818 2413 scribo,
1849 2357 1988 2414 Apol—

156 2439 320 2490 Ioniusv
339 2438 560 2491 ambulat,
610 2438 743 2482 Plato
786 2437 1151 2496 philosophatur,
1199 2437 1302 2482 illas
1342 2453 1454 2482 uero
1490 2438 1656 2494 quibus
1686 2438 1988 2482 transitiones

157 2518 215 2562 ab
249 2518 342 2563 alia
375 2519 434 2563 ad
465 2519 602 2563 aliam
637 2519 754 2562 fiunt
788 2534 1046 2575 personam,
1090 2519 1139 2562 in
1181 2519 1346 2575 quibus
1376 2534 1566 2564 necesse
1600 2522 1671 2562 est
1706 2533 1809 2562 cum
1843 2519 1988 2562 nomi-

155 2596 315 2641 natiuo
348 2598 487 2642 etiam
518 2597 756 2654 obliquum
796 2598 997 2655 aliquem
1032 2612 1188 2642 casum
1218 2597 1431 2654 proferri,
1477 2593 1885 2657 παρασυμβὰματα
1921 2598 1988 2641 di-

156 2679 340 2732 cebant,
373 2679 462 2723 hoc
493 2682 564 2722 est
596 2679 749 2722 minus
781 2693 915 2735 quam
943 2679 1276 2736 congruitates,
1310 2682 1363 2722 ut
1396 2679 1556 2723 Cicero
1589 2682 1742 2722 seruat
1772 2679 1987 2735 patriam,

155 2759 341 2816 quando
379 2773 492 2803 uero
533 2774 591 2802 ex
628 2759 807 2803 duobus
849 2758 1049 2815 obliquis
1090 2759 1376 2803 constructio
1415 2758 1484 2813 fit,
1525 2754 1782 2818 ἀσύμβαμα
1831 2758 1882 2802 id
1916 2762 1988 2802 est

153 2839 546 2898 incongruitatem
578 2839 796 2884 dicebant
824 2843 877 2883 ut
906 2840 1060 2896 placet
1090 2839 1203 2882 mihi
1239 2840 1398 2884 uenire
1419 2841 1478 2884 ad
1508 2844 1572 2895 te,
1605 2840 1702 2884 siue
1722 2840 1987 2885 nominibus

155 2919 270 2976 ipsis
307 2923 463 2965 tamen
502 2934 584 2965 seu
614 2921 770 2964 uerbis
804 2920 892 2965 hoc
927 2920 1251 2976 exigentibus!
1280 2921 1411 2964 uides
1451 2920 1526 2964 hic
1557 2935 1650 2963 non
1683 2920 1828 2963 solum
1862 2921 1986 2964 axio-

156 3002 280 3063 mata
308 3003 356 3044 et
386 2994 664 3059 συμβάματα
695 3000 929 3052 confundi,
966 3015 1127 3044 uerum
1163 2999 1304 3043 etiam
1335 3000 1583 3044 transitiua
1616 3002 1760 3045 uerba
1796 3002 1872 3057 (de
1910 3016 1987 3058 ge-

154 3093 267 3124 nere
295 3077 515 3135 loquendi
531 3079 588 3124 cf.
606 3079 715 3123 XIII
731 3079 789 3123 23
805 3095 850 3136 p.
871 3079 926 3123 15
939 3080 1014 3135 H.)
1034 3095 1139 3124 cum
1156 3080 1444 3124 nominatiuo
1476 3084 1524 3123 et
1554 3081 1835 3136 accusatiuo,
1869 3094 1986 3136 quae

155 3154 388 3222 aitiomata
417 3161 537 3212 sunt,
572 3153 980 3217 παρασυμβάματα
1000 3158 1103 3203 dici.
1136 3162 1379 3216 praeterea
1409 3159 1577 3202 tertiae
1609 3159 1983 3214 constructionis,

156 3235 339 3292 qnando
372 3251 430 3281 ex
460 3237 639 3282 (luobus
670 3238 868 3295 obliquis
899 3239 967 3292 fit,
999 3239 1263 3295 exemplum
1294 3239 1421 3282 nullo
1444 3239 1581 3282 modo
1605 3243 1763 3295 aptum
1789 3243 1875 3291 est,
1910 3253 1984 3281 ex-

157 3318 368 3374 pectares
399 3320 532 3376 pudet
562 3336 626 3362 me
656 3322 802 3373 illius,
848 3319 925 3362 uel
955 3319 1049 3363 tale
1081 3319 1205 3375 quid.
1252 3323 1457 3363 ceterum
1488 3319 1735 3363 dummodo
1767 3318 1850 3360 tali
1880 3318 1982 3361 loco

158 3394 313 3452 aliqua
339 3395 455 3443 fides
483 3395 696 3441 habenda
727 3400 866 3450 esset,
907 3411 935 3440 a
979 3396 1251 3453 quibusdam
1292 3398 1542 3459 stoicorum
1573 3392 1828 3455 ἀσύμβαμα
1861 3397 1983 3452 quod

161 3477 219 3524 ab
259 3475 358 3522 aliie
396 3477 581 3540 ἔλαττον
614 3471 640 3533 ἢ
674 3471 1027 3537 παρασύμβαμα
1057 3477 1235 3522 dictum
1266 3481 1352 3534 est,
1395 3478 1518 3535 quod
1557 3493 1610 3521 eo
1642 3480 1713 3522 est
1745 3461 1981 3531 incertius,

161 3556 268 3617 quia
301 3557 551 3617 appellatio
580 3557 779 3616 pessime
810 3557 859 3602 in
893 3573 991 3602 rem
1023 3558 1233 3616 quadrat.
1979 3543 1991 3555 ⁶
