2358 4016
1235 321 1299 366 54

358 463 494 515 hanc
515 463 804 513 multorum
826 479 1014 515 sensus
1037 481 1142 515 non
1169 462 1432 527 aduertat‚
1459 482 1580 515 cum
1609 464 1763 516 illum
1791 465 1880 535 qui
1905 465 2022 532 (illa
2048 465 2186 535 quae

357 553 486 619 cod.)
507 552 562 604 in
584 551 788 604 cithara
810 560 900 603 aut
921 551 1050 604 tibia
1071 552 1218 621 (quia
1235 553 1363 621 cod.)
1381 553 1651 624 aliquanto
1669 554 1888 608 uberior
1906 563 2004 625 est,
2024 575 2186 629 saepe

357 651 527 695 totum
554 661 663 695 non
689 643 883 696 sentiat
905 643 1172 696 meatum’.
1212 643 1387 696 minus
1414 643 1631 713 quidem
1656 644 1878 716 reliquis
1915 632 2186 716 prosodiis

356 740 538 785 notam
578 750 695 785 esse
733 732 932 803 pergit,
986 732 1080 784 sed
1124 733 1358 803 primum
1401 733 1639 787 omnium
1678 752 1860 787 rerum
1898 735 2052 789 initia
2094 735 2186 789 ob·
2228 797 2230 801 y

357 841 511 875 scura
549 829 602 873 et
626 820 791 886 μέσην
811 821 1019 874 initium
1049 829 1234 875 cantus
1257 840 1394 891 esse,
1417 842 1550 894 quae
1572 825 1752 877 nescio
1776 844 1843 878 an
1863 825 1932 877 ad
1952 844 2184 879 concen-

358 919 468 964 tum
502 911 692 964 fidium
713 919 978 983 spectent,
1015 911 1082 963 de
1105 930 1210 981 quo
1235 914 1302 965 cf.
1327 912 1624 984 Westphal
1650 915 1685 968 l.
1705 914 1741 967 l.
1769 934 1819 986 p.
1844 915 1961 985 109,
1989 915 2186 970 deinde

359 1021 518 1056 omne
539 1003 779 1055 medium
801 1021 910 1055 non
932 1003 1090 1055 facile
1111 1004 1274 1056 cerni.
1301 1012 1584 1075 praeterea
1602 1007 1976 1059 auctoritatem
1999 1006 2190 1061 doctis·

361 1093 619 1147 simorum
658 1092 983 1165 scriptorum
1022 1093 1161 1146 hanc
1201 1094 1510 1165 prosodiam
1542 1096 1682 1148 tueri
1716 1114 1942 1167 eamque
1968 1110 2191 1151 vconme-

358 1183 558 1236 morari
591 1191 808 1254 praeter
845 1184 977 1236 alios
1016 1203 1046 1234 a
1091 1185 1453 1255 grammaticis
1493 1185 1704 1240 Glauco
1749 1185 1934 1240 Samio
1976 1195 2031 1240 et-
2052 1188 2192 1241 Her·

357 1283 599 1328 mocrate
650 1275 810 1343 Iasi0,
868 1294 897 1326 a
947 1275 1310 1347 peripateticis
1366 1276 1726 1330 Athenodoro
1793 1285 1846 1329 et
1881 1278 2191 1350 Theophra-

360 1373 460 1418 sto.
496 1364 698 1417 addere
739 1371 951 1436 poterat
970 1365 1328 1418 Aristotelem
1355 1366 1516 1431 (rhet.
1539 1367 1633 1420 ΠΙ
1661 1367 1712 1432 1)
1749 1366 1848 1421 nisi
1878 1367 1966 1420 hic
1990 1368 2190 1421 flexam

366 1474 525 1527 quam
562 1454 759 1507 omittit
794 1452 959 1520 μέσην
998 1455 1298 1508 nominauit
1332 1457 1422 1508 uel
1461 1457 1792 1527 generaliter
1828 1457 1977 1510 uocis
2002 1457 2184 1510 huma-

362 1563 462 1600 nae
499 1564 659 1598 sonos
697 1545 969 1598 intellexit
994 1545 1036 1616 ¹)
1076 1546 1167 1614 (cf.
1211 1547 1453 1599 classical
1484 1549 1662 1617 journ.
1685 1548 1770 1601 XI
1814 1568 1862 1619 p.
1884 1548 1990 1616 73).
2033 1567 2186 1620 prae·

365 1648 517 1692 terea
552 1658 662 1691 non
698 1638 962 1691 absimilia
1000 1638 1144 1709 apud
1182 1639 1575 1692 Aristoxenum
1612 1640 1920 1711 repperisse
1973 1639 2192 1693 uidetur

365 1729 651 1782 Vitruuius
704 1728 796 1796 (de
849 1727 1038 1780 archit.
1061 1728 1114 1780 V
1140 1729 1192 1796 4,
1210 1729 1284 1796 2),
1332 1729 1422 1799 qui
1463 1729 1680 1800 quidem
1720 1736 1996 1782 auctorem
2034 1749 2190 1787 suum

363 1838 475 1872 non
524 1819 815 1872 admodum
855 1817 1140 1889 perspicue
1189 1818 1441 1871 reddidit.
1515 1839 1545 1872 a
1598 1819 1776 1872 media
1817 1819 2070 1890 prosodia
2125 1819 2194 1872 ad

364 1911 565 1963 flexam
598 1909 812 1962 transiit
834 1908 1289 1978 subtilissimeque
1318 1909 1384 1961 de
1408 1909 1521 1963 eius
1557 1917 1746 1962 natura
1786 1909 2066 1979 quaesiuit,
2107 1929 2192 1963 or-

364 2019 450 2053 sus
488 2020 518 2053 a
540 1999 738 2055 Glauci
764 1997 934 2053 Samii
971 1999 1257 2068 sententia,
1295 2000 1385 2071 qui
1427 2018 1522 2052 sex
1559 1999 1848 2070 protulerit
1891 2000 2189 2071 prosodias,

363 2099 473 2142 tres
495 2090 638 2143 enim
661 2089 851 2142 harum
871 2088 1151 2142 tralatitias
1181 2097 1395 2142 acutam
1419 2108 1644 2158 grauem
1668 2090 1918 2158 mediam,
1954 2089 2190 2162 reliquas

363 2200 494 2234 uero
529 2182 769 2234 diuersas
792 2189 996 2234 tantum
1026 2182 1224 2234 formas
1250 2182 1408 2234 unius
1444 2182 1619 2235 flexae
1654 2198 1789 2248 esse,
1829 2199 1988 2250 quam
2005 2179 2192 2232 Erato-

365 2272 583 2325 sthenes
600 2290 668 2324 ex
685 2279 839 2324 acuta
852 2272 907 2324 in
923 2289 1168 2341 grauem,
1181 2272 1502 2326 Theodorus
1517 2271 1788 2324 contrario
1803 2287 2017 2342 quoque
2034 2289 2191 2322 cursu

367 2362 574 2414 moueri
596 2362 1001 2437 existimauerit.
1041 2362 1318 2415 Theodori
1339 2362 1795 2414 decretumVarro
1829 2359 2056 2415 adsciuit
2095 2359 2192 2414 s'ed

367 2452 630 2522 singulari
650 2453 860 2526 ratione
885 2453 1149 2507 excoluit:
1181 2453 1441 2506 ‘ceterum
1469 2452 1814 2521 (eam)Varro
1835 2451 1891 2504 in
1909 2459 2192 2522 utramque

365 2549 575 2612 partem
614 2543 865 2614 (utraque
901 2550 1053 2614 parte
1094 2542 1221 2614 cod.)
1262 2543 1468 2611 moueri
1519 2543 1825 2610 arbitratur,
1875 2558 2051 2615 neque
2087 2540 2194 2605 hoc

533 2744 576 2799 1)
609 2744 786 2789 Eadem
817 2759 932 2801 quae
952 2745 1148 2789 Glaucus
1163 2744 1343 2789 Samius
1369 2744 1598 2801 prosodiis
1629 2743 1864 2800 prioribus
1891 2743 2085 2789 dederat
2113 2757 2194 2789 no—

371 2823 496 2866 mina
525 2828 772 2868 recurrunt
813 2825 862 2867 in
903 2825 1163 2881 fragmento
1210 2825 1333 2880 quod
1373 2839 1430 2868 ex
1462 2824 1623 2868 eodem
1653 2823 1797 2876 fonte,
1840 2823 2103 2868 Herodiano
2140 2826 2194 2868 ut

365 2903 568 2958 uidetur,
601 2907 739 2958 atque
760 2904 949 2947 Arcadii
973 2905 1051 2960 qui
1070 2905 1242 2948 dicitur
1260 2905 1379 2948 liber
1409 2904 1659 2961 uigesimus
1695 2903 1830 2947 fluxit
1863 2907 1910 2947 et
1940 2903 2192 2950 secundum

366 2982 572 3027 codicem
604 2983 997 3028 Parisi11u1112603
1031 2984 1360 3041 aGoettlingio
1393 2984 1451 3028 ad
1480 2985 1652 3028 calcem
1685 2982 1932 3026 Theodosii
1963 2998 2008 3039 p.
2024 2981 2111 3027 202
2125 2997 2192 3038 sq.

366 3062 547 3106 editum
582 3067 664 3106 est.
698 3063 764 3108 ibi
795 3064 1012 3119 leguntur
1044 3064 1179 3109 haee:
1212 3063 1237 3119 ἡ
1272 3065 1509 3121 προσῳὸία
1542 3056 1622 3107 οὖν
1658 3075 1774 3122 φησι
1803 3057 1930 3110 τάσις
1960 3062 2056 3106 ἐστὶ
2089 3078 2191 3121 φω-

366 3142 445 3196 νῆς
483 3137 608 3196 ποιά,
656 3135 796 3199 ἤγουν
835 3138 1051 3198 ποιότητά
1092 3159 1190 3188 τινα
1232 3145 1425 3202 ἔχουσα·
1468 3138 1495 3198 ἢ
1542 3139 1631 3200 γὰρ
1675 3143 1974 3200 ἐπιτεταμένη
2009 3141 2134 3185 ἐστὶν
2162 3134 2192 3195 ἢ

367 3217 582 3278 ἀνειμένη
617 3215 642 3275 ἢ
673 3224 809 3279 μέση,
843 3227 1072 3266 τουτέστιν
1104 3217 1130 3277 ἢ
1162 3216 1409 3278 ὀξύτονοςῆ
1429 3217 1789 3280 περισπώμενος.
1822 3223 2029 3264 extrema
2047 3220 2191 3263 uerba

367 3301 654 3356 excerptoris
687 3302 950 3358 stupiditati
979 3304 1227 3347 tribuenda
1259 3318 1357 3347 esse
1391 3303 1715 3359 prioribusque
1755 3302 1880 3344 nullo
1912 3300 2192 3344 modosscon-

364 3380 524 3423 uenire
555 3381 764 3437 adparet,
801 3382 856 3427 cf.
875 3383 1040 3438 Georg.
1060 3382 1279 3426 Choerob.
1315 3383 1335 3426 Ι
1366 3398 1410 3438 p.
1430 3382 1486 3426 17
1506 3382 1667 3425 Gaisf.:
1702 3384 1745 3423 οἱ
1774 3378 1863 3437 γὰρ
1894 3375 2031 3436 κύριοι
2065 3374 2191 3424 τόνοι

366 3460 456 3502 τῶν
487 3461 647 3507 λέξεων
679 3455 759 3503 (5130
794 3465 910 3505 εἶσὶν
939 3458 1014 3515 ἥτε
1046 3458 1165 3511 ὀξεῖα
1198 3465 1273 3504 καὶ
1308 3462 1331 3516 ἡ
1365 3465 1709 3518 περισπωμένη·
1746 3458 1769 3514 ἡ
1801 3458 1890 3516 γὰρ
1922 3464 2079 3516 βαρεῖα
2110 3455 2192 3504 οὐκ

368 3539 463 3581 ἔστι
498 3541 663 3588 λέξεως.
685 3535 812 3589 τόνος
840 3537 949 3584 ἀλλὰ
982 3542 1213 3596 συλλαβῆς.
