2222 4056
1156 333 1252 380 102

288 500 484 536 uereor
522 490 580 534 ut
615 482 670 533 in
707 482 888 552 priore
924 479 1186 533 diuisione
1207 478 1518 531 Victorinus
1554 478 1842 548 inuenerit,
1862 480 2112 538 nam-nii

292 573 572 642 quomodov
617 572 676 624 id
729 592 759 624 a
801 571 998 623 iudicio
1040 571 1185 642 quod
1234 570 1303 622 ad
1338 570 1560 621 alteram
1597 568 2129 640 spectat-discanas'
2164 553 2169 609 ’-

291 670 505 735 praesto
545 663 702 730 est-¹),
743 661 952 714 etiamsi
972 661 1299 715 Diomedem
1327 667 1541 712 secutus
1569 659 2112 730 aesthetioamssquam
2166 709 2171 713 .

293 753 478 806 dicunt
519 752 947 806 aestimationem
985 746 1369 821 segregaueris
1421 758 1474 802 et
1527 750 1665 802 illud
1697 748 2115 802 tamtum?-iutili-³

292 845 432 896 cium
470 843 779 913 respexeris
817 862 909 907 qao
945 861 1128 895 omnem
1166 849 1432 894 orationem
1471 850 1599 895 recte
1645 847 1729 895 ael·
1755 840 1937 895 minias
1973 858 2116 907 qaam
2178 836 2189 901 ]

289 943 416 988 recte
442 940 809 999 pronuntiatam
846 938 1124 996 specialiter
1158 938 1431 984 iudicamus
1467 932 1541 1000 (p.
1563 930 1826 1000 426‚-29),=
1850 931 2116 1001 hecquo-

294 1041 398 1093 que
434 1042 542 1075 non
579 1041 872 1094 puerorum
911 1039 1029 1074 esse
1067 1015 1324 1075 fatebere.
1360 1022 2118 1091 quibnsfomnibusssoonsffle-

292 1114 420 1167 ratis
459 1112 802 1165 Victorinum
849 1113 941 1165 uel
987 1130 1174 1166 errore
1225 1113 1318 1165 uel
1367 1113 1719 1184 neglegentia
1766 1111 2120 1186 peccassessct
2183 1122 2217 1185 g·

294 1203 399 1257 duo
438 1204 617 1275 priora
654 1210 859 1256 tantum
874 1204 1181 1257 Varronem
1218 1205 1462 1275 posuisse
1500 1216 1820 1276 persuasum
1849 1196 2117 1260 mihi¹‘e¹st;

294 1295 412 1365 quis
441 1312 575 1347 uero
602 1294 834 1364 primum
858 1294 1017 1348 huius
1053 1295 1522 1365 grammatisticac‚
1566 1314 1727 1367 quam
1756 1295 1905 1352 uitae
1927 1299 2120 1349 neusa

292 1385 642 1456 grammatica
681 1385 1020 1453 distinxerat,
1057 1386 1244 1443 officia
1279 1386 1404 1439 data
1436 1405 1601 1459 opera
1633 1377 2121 1459 circumscripserit·
2192 1408 2193 1412 ¹

297 1476 577 1548 quaerenti
612 1476 745 1528 certi
798 1475 928 1546 quid
967 1478 1299 1549 respondere
1349 1478 1448 1530 tibi
1497 1498 1606 1531 non
1655 1477 1819 1546 licet3
1873 1477 2122 1549 suspicor

294 1584 425 1618 uero
464 1566 852 1637 Asclepiadem
888 1566 1236 1636 Myrleanum
1255 1567 1297 1632 2)
1330 1568 1433 1621 1106
1473 1569 1686 1622 fecisse.
1726 1581 1904 1639 neque
1943 1588 1975 1622 a
2013 1586 2120 1639 quo
2208 1568 2210 1573 ’

298 1656 468 1709 altera
501 1656 694 1709 diuisio
736 1657 980 1729 profecta
1011 1659 1080 1711 sit
1117 1658 1225 1712 dici
1266 1667 1462 1731 potest.
1501 1666 1678 1764 prope
1714 1659 1933 1731 quidem
1969 1648 2119 1713 acce-

468 1878 511 1935 1)
544 1879 644 1923 Nisi
682 1881 882 1938 probare
919 1853 1004 1937 pro
1052 1881 1217 1937 δηλοῦν
1249 1882 1565 1940 accipiendum
1600 1897 1698 1927 esse
1727 1885 1780 1926 et
1808 1850 1921 1953 duas
1952 1854 2124 1926 officio-

296 1974 399 2004 rum
434 1959 800 2005 enumerationes
831 1961 898 2005 ita
928 1961 1023 2006 fere
1054 1965 1108 2006 ut
1136 1962 1184 2006 in
1221 1961 1404 2007 scholiis
1436 1962 1495 2006 ad
1521 1962 1655 2007 Dion.
1678 1946 1786 2043 Τ111·’.
1812 1979 1858 2020 Ρ.
1860 1956 1979 2042 659,
1999 1961 2023 2005 1
2056 1961 2124 2006 in-

296 2042 370 2083 ter
400 2053 448 2082 se
480 2039 750 2083 coniunctas
778 2040 918 2084 fuisse
949 2044 1100 2098 putas.
1655 2042 1658 2049 ’

463 2119 512 2175 2)
543 2119 617 2163 Ex
651 2120 783 2165 Sexti
816 2120 1043 2178 Empirici
1078 2121 1181 2165 adu.
1216 2136 1407 2179 gramm.
1435 2119 1545 2166 47:
1558 2116 1678 2180 τάχα
1721 2120 1775 2165 δὲ
1809 2118 1870 2169 ὥς
1899 2121 2047 2179 φασὶν
2080 2121 2125 2163 οἱ
2210 2186 2214 2191 Ι

302 2202 407 2257 περὶ
438 2195 520 2244 τὸν
540 2194 882 2255 Ἀσκληπιάδην,
915 2204 991 2244 καὶ
1019 2197 1129 2255 αὐτὴ
1163 2198 1257 2245 ἀπὸ
1287 2202 1379 2260 μὲν
1406 2196 1697 2261 γραμμάτων
1723 2190 2125 2259 &vtpamcjoz'sx

300 2276 392 2323 ἀπὸ
421 2274 590 2324 τούτων
625 2280 676 2323 δὲ
709 2277 792 2339 ἀφ’
813 2269 878 2326 ὧν
907 2284 982 2324 καὶ
1015 2279 1040 2336 ἡ
1071 2276 1457 2340 γραμματιστική,
1493 2278 1585 2324 ἀλλ’
1607 2282 1754 2336 ἐκείνη
1790 2280 1884 2339 μὲν
1911 2275 2006 2327 ἀπὸ
2036 2280 2128 2328 τῶν

302 2362 552 2416 στοιχείων,
582 2354 691 2413 αἶ’τη
723 2358 774 2402 δὲ
805 2357 898 2403 ἀπὸ
930 2361 1021 2404 τῶν
1049 2354 1426 2419 συγγραμμάτων
1456 2362 1560 2417 περὶ
1590 2355 2127 2418 οἷςπανξῖῐαινιιθᾳμὶᾤῑλτ

299 2437 589 2495 Asclepiadis
626 2438 864 2495 discipulis
910 2440 1016 2496 (qua
1062 2440 1280 2499 loquendi
1327 2439 1524 2484 formula
1570 2439 1855 2506 plerumque
1870 2438 2001 2505 1111111
2030 2437 2129 2506 {usi

299 2517 619 2576 praeceptoris
644 2518 873 2561 sententia
890 2518 1203 2576 intellegenda
1221 2501 1308 2575 est)
1336 2519 1456 2577 hanc
1478 2518 1784 2581 partitionem
1795 2520 1963 2590 notam
1970 2517 2126 2589 fuisse.

299 2597 623 2654 Asclepiadem
663 2597 794 2641 illum
838 2613 937 2642 esse
967 2599 1255 2655 Myrleanum
1296 2599 1484 2656 negauit
1515 2599 1661 2648 Lehrs
1690 2592 1723 2642 l.
1740 2599 1772 2649 1.
1798 2591 1848 2654 Ρ
1855 2562 1981 2651 436,
2021 2595 2128 2662 quia

301 2676 508 2732 Dionysii
527 2679 687 2729 artem,
716 2691 851 2732 quam
872 2677 1196 2735 Asclepiadem
1216 2682 1426 2722 nostrum
1441 2679 1608 2735 legisse
1626 2663 1815 2722 constat
1830 2662 1972 2732 (Sext
1991 2672 2126 2732 Emp.

300 2758 331 2799 1.
355 2772 389 2799 s.
416 2756 507 2809 72),
540 2760 647 2812 post
678 2756 903 2812 Myrleani
933 2761 1145 2814 tempora
1181 2758 1489 2814 conscriptam
1521 2773 1620 2802 esse
1652 2746 1860 2814 putabat.
1896 2749 2029 2801 hanc
2046 2747 2129 2800 o‘f-

301 2835 556 2879 fensionem
588 2850 691 2879 cum
725 2837 966 2879 sustulerit
995 2837 1056 2880 M.
1091 2838 1300 2881 Schmidt
1336 2838 1384 2880 in
1418 2837 1794 2883 conmentatione
1834 2823 2030 2894 saepius?
2051 2836 2128 2880 acl-

300 2916 398 2960 lata
430 2915 576 2968 (cuius
613 2915 669 2958 cf.
703 2931 746 2971 p.
771 2915 876 2971 510)
910 2916 1025 2959 nihil
1057 2918 1228 2970 obstat,
1266 2917 1506 2972 quominus
1538 2916 1748 2963 nostrum
1779 2917 2128 2974 pmMyrleano

303 2994 599 3052 accipiamus.
631 2994 720 3038 fuit
752 2995 827 3039 hic
863 2996 1058 3040 Cratelis
1095 2996 1345 3052 discipulus
1398 2997 1472 3050 (cf.
1508 2997 1553 3040 C.
1580 2996 1886 3041 Wachsmuth
1911 2996 1974 3046 de,
2006 2995 2126 3046 Ora-‚t-

302 3074 429 3118 Mall.
463 3089 506 3130 p.
526 3073 584 3128 6),
628 3074 832 3118 Cratetei
865 3079 1018 3126 autem
1056 3076 1146 3131 qui
1166 3090 1308 3120 cusin
1337 3090 1363 3120 a
1393 3076 1696 3133 grammatica
1726 3080 1960 3138 tamquam
1988 3075 2129 3135 maio·

303 3168 403 3198 rem
419 3154 681 3197 discernere
703 3155 927 3206 solebant
961 3155 1094 3198 facile
1120 3170 1298 3212 quoque
1317 3155 1514 3212 gradum
1534 3156 1744 3209 alterum,
1773 3156 2003 3199 bonorum
2029 3153 2130 3222 ludi

303 3232 634 3290 magistrorum
653 3249 834 3289 munus,
869 3236 1108 3292 seiungere
1122 3239 1388 3292 potuerunt.
1422 3237 1595 3292 optime
1609 3240 1763 3280 autem
1776 3233 1994 3280 conuenit
2013 3214 2129 3278 tem·

304 3329 470 3371 porum
486 3314 619 3358 ratio
653 3314 978 3372 Asclepiadem
1002 3315 1321 3371 Myrleanum‘
1327 3316 1477 3372 primo
1498 3320 1604 3359 ante
1624 3315 1854 3360 Christum
1878 3330 1924 3358 n.
1946 3315 2128 3358 saeculo

303 3395 372 3438 ita
401 3396 453 3437 ut
483 3397 609 3439 certe
632 3395 809 3458 natales
831 3398 939 3439 ante
955 3410 1126 3440 annum
1145 3396 1535 3453 septuagesimum
1553 3394 1759 3452 ponendi
1780 3393 1887 3438 sint’
1918 3393 2129 3438 floruisse

305 3474 510 3519 ostendit
531 3473 676 3519 Lehrs
706 3475 736 3519 1.
755 3489 788 3518 s.
820 3489 865 3531 p.
882 3473 969 3518 432
1005 3475 1061 3519 cf.
1084 3475 1146 3518 M.
1164 3475 1464 3532 Sengcbusch
1492 3476 1600 3519 diss.
1632 3475 1763 3519 Hom.
1784 3475 1806 3517 I
1828 3489 1873 3531 p.
1897 3474 1985 3528 61,Ὶζ
2001 3476 2128 3523 aetas

303 3551 448 3611 igitur
482 3551 577 3596 eius
607 3551 731 3597 inter
763 3551 970 3609 Dionysii
1003 3551 1190 3598 Thracis
1221 3557 1269 3597 et
1299 3553 1520 3598 Varronis
1555 3557 1766 3611 tempora
1799 3550 2061 3598 intercedit.
