2222 4056
1120 935 1174 1004 V

403 1115 456 1165 A
491 1113 653 1165 certis
691 1112 780 1163 uel
820 1109 1190 1182 probabilibus
1228 1107 1388 1159 uenio
1427 1105 1494 1158 ad
1534 1104 1699 1158 dubia
1723 1111 1776 1157 et
1814 1105 2058 1158 obscura.

237 1204 342 1257 duo
384 1202 528 1255 enim
574 1208 779 1255 restant
829 1218 1010 1270 opera,
1067 1199 1134 1250 de
1174 1197 1365 1266 quibus
1411 1214 1534 1248 cum
1580 1201 1797 1266 praeter
1820 1182 1821 1185 ¹
1845 1193 2058 1250 titulum

236 1293 372 1346 nihil
410 1293 525 1344 fere
558 1291 816 1344 traditum
853 1290 922 1343 sit
952 1289 1046 1342 uix
1086 1288 1262 1340 habeo
1301 1285 1445 1355 quod
1482 1285 1674 1340 dicam.

399 1381 550 1435 Libri
587 1382 667 1434 de
705 1378 1188 1433 similitudine
1222 1377 1595 1430 uerborum
1629 1375 1741 1429 III
1773 1375 1830 1428 in
1866 1374 2058 1431 Hiero-

239 1473 391 1543 nymi
428 1473 607 1525 indice
649 1477 864 1524 exstant
900 1477 953 1522 et
991 1468 1161 1523 semel
1195 1488 1226 1520 a
1268 1466 1512 1521 Charisio
1550 1486 1602 1538 p.
1648 1466 1714 1519 91
1751 1482 2058 1519 conmemo-

238 1572 440 1617 rantur.
478 1562 768 1616 similitudo
795 1561 932 1633 'quid
968 1560 1037 1612 sit
1072 1567 1124 1612 et
1169 1558 1298 1629 quid
1337 1558 1403 1611 de
1444 1575 1504 1610 ea
1525 1557 1702 1610 Varro
1739 1555 2059 1610 iudicauerit

236 1661 297 1708 ut
340 1672 499 1723 quam
535 1651 854 1704 breuissime
909 1649 1190 1702 ostendam
1237 1650 1370 1702 duos
1415 1648 1682 1719 adponam
1734 1648 1886 1701 locos
1940 1665 1969 1700 e
2002 1647 2062 1699 li—

239 1746 347 1799 bris
372 1744 439 1795 de
456 1744 643 1813 lingua
662 1743 843 1796 latina.
874 1742 978 1795 X3
1006 1740 1201 1812 p.545:
1237 1740 1324 1793 ‘de
1360 1739 1710 1792 similitudine
1747 1747 1801 1791 et
1835 1737 2062 1791 dissimi-

239 1835 468 1888 litudine
518 1834 640 1887 ideo
694 1834 928 1906 primum
967 1833 1275 1900 dicendum,
1329 1829 1475 1900 quod
1528 1848 1591 1882 ea
1625 1847 1713 1882 res
1750 1837 1831 1883 est
1867 1828 2061 1882 funda-

243 1933 484 1979 mentum
531 1925 768 1977 omnium
809 1924 1231 1977 declinationum
1270 1941 1331 1974 ac
1370 1921 1611 1974 continet
1644 1921 1910 1974 rationem
1944 1938 2063 1974 uer-

240 2017 450 2070 borum.
490 2015 665 2069 simile
686 2023 767 2067 est
788 2014 931 2084 quod
959 2032 1046 2068 res
1066 2014 1352 2085 plerasque
1377 2012 1594 2066 uidetur
1623 2012 1823 2065 habere
1848 2011 2064 2067 easdem

239 2125 368 2176 quas
405 2106 542 2158 illud
566 2106 715 2159 cuius
746 2113 826 2158 est
859 2105 1050 2158 simile.
1090 2103 1349 2156 dissimile
1391 2111 1489 2172 est,
1530 2102 1674 2172 quod
1699 2102 1915 2155 uidetur
1945 2119 2062 2155 esse

240 2196 567 2250 contrarium
606 2195 780 2248 huiuS.
859 2195 1140 2246 minimum
1188 2212 1258 2246 ex
1305 2193 1513 2246 duobus
1555 2198 1763 2246 constat
1801 2208 1961 2244 omne
1998 2191 2064 2243 si-

241 2287 388 2354 mile,
435 2286 565 2338 item
612 2286 889 2353 dissimile,
952 2285 1097 2354 quod
1142 2285 1278 2336 nihil
1312 2290 1492 2355 potest
1528 2301 1646 2336 esse
1690 2282 1881 2351 simile,
1936 2281 2066 2353 quin

240 2377 466 2430 alicuius
506 2375 574 2428 sit
612 2375 805 2443 simile,
862 2375 992 2427 item
1026 2375 1163 2427 nihil
1201 2373 1397 2426 dicitur
1435 2372 1696 2425 dissimile
1739 2371 1870 2441 quin
1907 2370 2065 2424 adda-

240 2476 327 2521 tur
375 2467 524 2520 cuius
575 2466 643 2518 sit
691 2467 985 2521 dissimile’.
1054 2466 1195 2518 VIII
1220 2466 1288 2518 23
1325 2464 1527 2536 p.407:
1581 2464 1722 2516 ‘cum
1775 2470 2064 2532 utrumque

240 2575 626 2626 nonnunquam
667 2557 891 2626 accidat,
927 2565 986 2609 ut
1025 2564 1079 2609 et
1115 2555 1171 2608 in
1212 2554 1518 2608 uoluntaria
1554 2553 1913 2606 declinatione
1953 2551 2063 2604 ani-

240 2648 610 2701 maduertatur
662 2655 853 2700 natura
910 2656 962 2701 et
1012 2649 1068 2700 in
1121 2646 1352 2700 naturali
1406 2645 1656 2699 uoluntas
1709 2647 1867 2713 (quae
1919 2642 2066 2695 cuius

243 2738 388 2790 modi
428 2739 534 2790 sint
569 2738 843 2810 aperietur
868 2739 1007 2791 infra
1023 2739 1084 2807 1),
1124 2739 1265 2809 quod
1305 2745 1531 2806 utraque
1570 2734 1929 2788 declinatione
1963 2733 2066 2786 alia

243 2829 379 2881 fiunt
417 2829 611 2881 similia
647 2828 750 2880 alia
800 2829 1096 2898 dissimilia,
1152 2829 1219 2881 de
1265 2847 1328 2881 eo
1375 2827 1555 2898 graeci
1596 2825 1854 2897 latinique
1895 2824 2064 2878 libros

244 2921 492 2972 fecerunt
527 2919 741 2988 multos,
786 2920 980 2991 partim
1021 2939 1144 2972 cum
1183 2919 1271 2971 alii
1307 2924 1564 2990 putarent
1597 2917 1654 2969 in
1689 2915 1963 2987 loquendo
2003 2933 2067 2968 ea

243 3010 412 3063 uerba
472 3009 625 3081 sequi
680 3018 948 3081 oportere,
1010 3028 1146 3079 quae
1201 3030 1232 3062 a
1277 3009 1540 3061 similibus
1592 3007 1839 3060 similiter
1886 3012 2067 3058 essent

247 3100 514 3153 declinata
551 3119 681 3171 quas
731 3101 1074 3170 appellarunt
1112 3096 1410 3165 ἀναλογίας,
1469 3098 1559 3150 alii
1609 3116 1731 3150 cum
1777 3096 1833 3148 id
1878 3095 2066 3164 negle-

244 3190 486 3261 gendum
541 3197 794 3260 putarent
841 3210 902 3244 ac
948 3192 1127 3264 potius
1181 3189 1513 3260 sequendam
1570 3185 2063 3240 dissimilitudinem

246 3299 383 3354 quae
419 3281 476 3333 in
513 3282 903 3334 consuetudine
942 3290 1024 3335 est
1061 3301 1218 3351 quam
1258 3287 1457 3334 uocant
1497 3274 1822 3343 ἀνωμαλίαν,
1861 3294 1982 3329 cum
2008 3282 2069 3327 ut

410 3495 455 3549 1)
488 3495 546 3539 cf.
566 3494 677 3539 X51
696 3510 738 3551 p.
754 3492 865 3538 574:
900 3494 1186 3538 uoluntatem
1223 3493 1325 3538 dico
1346 3490 1689 3549 impositionem
1719 3491 2066 3546 uocabulorum,

244 3579 457 3619 naturam
493 3574 848 3618 declinationem
885 3574 1226 3625 uocabu10rum‚
1264 3587 1353 3628 quo
1385 3571 1648 3616 decurritur
1682 3571 1779 3614 sine
1811 3569 2035 3614 doctrina.
