2294 4062
1025 310 1089 358 25

133 465 307 517 ortam
343 474 462 508 esse
500 457 842 526 significauit.
884 458 1119 510 restabat
1158 474 1289 510 uero
1329 465 1599 528 quartum,
1639 474 1744 526 quo
1783 477 1814 508 a
1854 457 1961 525 syl-

129 546 268 610 labis
322 546 392 599 ad
443 546 749 600 litterarum
810 547 1284 620 transpositionem
1342 548 1661 618 scriptorem
1714 547 1961 616 rediisse,

130 637 280 708 Quod
316 635 384 691 O.
422 637 658 691 Mueller
690 637 916 708 putauit,
954 637 1175 691 minime
1212 638 1329 694 ueri
1370 637 1544 690 simile
1584 644 1682 690 est.
1716 655 1819 690 nec
1852 657 1961 706 mas

131 729 220 800 gis
255 729 454 799 placet,
495 729 637 798 quod
675 728 836 782 facile
873 729 928 781 in
963 737 1202 782 mentem
1252 729 1420 796 uenit,
1477 728 1808 798 syllabarum
1870 728 1962 780 uel

129 818 309 892 potius
325 820 618 872 uerborum
633 817 903 888 ‘aspiratio
922 826 1011 871 aut
1028 819 1310 871 uoculatio’
1336 838 1439 891 quo
1462 818 1691 872 termino
1708 818 1962 888 Nigidius

132 909 362 981 Figulus
407 908 579 978 (Gen.
600 909 746 962 X111
771 900 857 977 26,
879 910 930 973 1)
978 928 1078 981 pro
1130 917 1356 963 accentu
1409 929 1537 962 usus
1585 917 1681 977 est,
1725 928 1863 972 *nam
1902 909 1961 962 in

128 999 259 1072 ipsis
317 999 756 1067 deriuationibus,
817 1018 948 1068 quas
997 1000 1055 1052 in
1109 1001 1459 1072 sequentibus
1518 1000 1671 1054 libris
1728 1002 1957 1072 profert,

128 1099 421 1163 utriunque
461 1108 727 1159 nusquam
764 1089 1069 1142 adhibetur.
1109 1108 1177 1142 ne
1217 1091 1568 1160 ‘syllabarum
1603 1089 1843 1162 demptio
1871 1097 1961 1142 aut

128 1181 348 1241 additio’
387 1181 479 1232 uel
513 1179 876 1250 ‘transpositio
914 1188 1004 1231 aut
1044 1181 1388 1232 conmutatio'
1432 1180 1669 1251 quidem,
1720 1198 1855 1250 quae
1904 1179 1961 1232 in

126 1271 400 1345 prioribus
436 1271 654 1341 legibus
694 1270 761 1322 de
799 1271 1101 1323 litterarum
1138 1270 1520 1324 mutationibus
1546 1271 1708 1342 plane
1733 1269 1982 1342 genera?

126 1361 251 1429 liter
288 1360 443 1430 datis,
477 1360 884 1431 conprehensae
925 1368 1094 1428 erant,
1126 1359 1384 1413 accedere
1417 1368 1727 1432 potuerunt.
1769 1361 1962 1432 quodsi

35 1479 38 1482 ·
128 1452 329 1519 classes
366 1451 773 1520 uocabulorum,
824 1469 1052 1520 quorum
1103 1451 1344 1521 origines
1392 1450 1749 1522 explicandae
1791 1459 1960 1518 erant,

126 1542 558 1616 perlustraueriS,
597 1541 760 1595 ualde
799 1541 1046 1594 mirabile
1088 1541 1184 1595 tibi
1226 1541 1518 1608 uidebitur,
1569 1541 1706 1595 nihil
1757 1541 1824 1594 de
1863 1542 1958 1595 illo

128 1651 336 1706 genere
373 1632 578 1686 dictum
615 1650 751 1701 esse,
794 1632 940 1702 quod
970 1633 1026 1684 in
1064 1632 1311 1686 omnibus
1348 1632 1552 1702 linguis
1591 1632 1850 1685 latissime
1873 1651 1960 1703 pa-

130 1730 209 1785 tet
260 1722 519 1793 cuiusque
557 1722 769 1774 indoles
815 1721 1089 1774 neminem
1141 1723 1335 1792 fugere
1376 1730 1572 1794 potest,
1622 1724 1789 1775 uerba
1837 1722 1958 1776 dico

136 1812 434 1884 composita,
489 1830 625 1886 quae
659 1812 768 1865 iam
802 1812 956 1864 Plato
998 1813 1056 1865 in
1094 1811 1320 1882 Cratylo
1359 1813 1435 1884 (p.
1457 1813 1561 1865 425
1582 1811 1653 1874 A.
1692 1830 1746 1883 p.
1764 1812 1870 1864 434
1890 1811 1960 1869 A.

133 1907 201 1961 cf.
238 1907 402 1965 schol.
445 1906 504 1959 in
542 1905 688 1961 Crat.
724 1926 776 1977 p.
803 1906 877 1957 ⁴43
910 1906 1084 1959 Boiss.
1139 1926 1190 1978 p.
1223 1906 1355 1958 1163
1388 1906 1566 1960 Bekk.
1608 1904 1800 1959 anecd.
1846 1906 1955 1975 gr.)

133 1997 410 2070 egplicare
446 1997 778 2069 periclitatus
819 2004 980 2049 estet
1021 1996 1368 2050 Aristarchus
1408 1995 1640 2063 (Charis.
1681 2016 1732 2068 p.
1756 1997 1873 2065 117,
1897 1995 1955 2064 4)

129 2088 188 2156 in
223 2087 502 2159 analogiae
544 2088 795 2159 regulam
831 2088 1054 2157 recepit.
1110 2087 1345 2140 Varroni
1373 2106 1483 2140 non
1504 2086 1663 2139 modo
1690 2086 1959 2158 uocabulo

129 2177 507 2254 sconpositicia’
554 2176 660 2247 (VI
679 2178 747 2230 ὃῖ)
769 2198 818 2249 Ρ.
841 2178 967 2249 232)
1008 2178 1098 2229 uel
1137 2176 1448 2247 ‘conposita’
1481 2176 1645 2246 &VIII
1665 2175 1727 2229 61
1761 2197 1814 2249 p.
1832 2176 1959 2246 436)

45 2302 48 2307 -
126 2275 254 2330 nota
291 2275 471 2336 erant„
498 2286 692 2320 uerum
726 2268 886 2320 etiam
939 2267 1044 2321 duo
1094 2267 1284 2319 talium
1333 2268 1718 2322 uocabularum
1756 2285 1962 2338 genera

129 2357 394 2426 distinxit,
424 2357 745 2428 simpliciter
780 2359 1060 2431 conposita
1105 2366 1157 2411 et
1193 2376 1289 2427 ea,-
1310 2376 1448 2428 quae
1483 2377 1511 2411 e
1538 2358 1958 2428 duobussuoca-

133 2448 278 2510 bulis·
312 2449 403 2502 uel
448 2449 618 2502 altero
657 2450 761 2502 uel.
801 2450 1009 2524 duobus
1060 2450 1180 2522 plus
1233 2449 1408 2503 minus
1446 2450 1663 2503 mutatis
1701 2449 1958 2503 breuiatis

128 2539 416 2602 contractis
438 2541 723 2609 orirentur,
745 2549 803 2593 ut
823 2541 931 2593 loci
952 2541 1093 2594 infra
1117 2541 1302 2612 scripti
1326 2541 1548 2608 docent:
1590 2541 1640 2594 V
1659 2540 1753 2595 141
1785 2559 1839 2611 p.
1861 2541 1958 2594 143

125 2637 186 2695 ab
206 2637 425 2687 ¹aedibus
463 2641 508 2686 et
535 2637 762 2696 faciendo
798 2652 1019 2686 maxume
1055 2638 1359 2696 aediticium;
1398 2631 1450 2684 V
1473 2632 1571 2684 176
1598 2651 1652 2703 p.
1678 2632 1776 2686 176
1811 2638 1959 2687 detri-

122 2730 332 2777 mentum
369 2741 400 2774 a
431 2728 614 2775 detritu
656 2764 664 2772 .
710 2764 718 2773 .
762 2763 770 2772 .
805 2763 814 2772 .
857 2727 916 2773 ab
970 2727 1135 2774 eadem
1171 2730 1324 2774 mente
1364 2728 1772 2775 intertrimentum
1807 2726 1867 2774 ab
1905 2741 1958 2775 eo

121 2817 251 2882 quod
284 2817 394 2875 duo,
433 2832 556 2878 quae
593 2820 723 2865 inter
758 2833 808 2866 se
839 2820 959 2865 trita
994 2820 1038 2865 et
1073 2818 1319 2864 deminuta
1331 2811 1423 2875 ‚flV
1450 2812 1546 2864 178
1572 2831 1624 2882 p.
1651 2812 1744 2863 177
1782 2832 1952 2865 manu-

116 2909 334 2968 pretium
381 2923 412 2956 a
451 2909 674 2955 manibus
720 2911 765 2955 et
794 2910 971 2967 pretio.
1024 2909 1076 2953 et
1120 2901 1197 2953 sic
1247 2901 1519 2972 permulta
1565 2901 1857 2973 praecipue
1902 2900 1959 2953 in

127 3000 372 3045 extremo
418 2993 558 3045 libro
601 2993 805 3062 quinto,
844 2993 1069 3045 alterius
1090 2993 1310 3062 generis
1332 2992 1465 3044 haec
1486 2992 1754 3045 sufficiant
1775 3010 1955 3044 exem-

123 3082 244 3153 pia:
277 3082 329 3134 V
352 3084 449 3135 171
470 3102 524 3154 p.
549 3085 643 3135 171
673 3093 855 3150 septem
881 3105 912 3138 a
935 3094 1117 3150 septem
1140 3095 1184 3138 et
1206 3093 1350 3139 uncia
1376 3091 1611 3139 conlisum
1624 3107 1641 3148 ,·
1662 3085 1714 3134 V
1729 3084 1794 3136 37
1815 3103 1866 3155 p.
1889 3085 1955 3136 38

123 3180 291 3227 uineta
340 3193 400 3228 ac
434 3183 603 3228 uineae
654 3163 685 3228 a
720 3183 818 3229 uite
852 3182 1041 3240 multa;
1075 3175 1130 3229 X
1150 3177 1215 3228 81
1255 3195 1308 3247 p.
1330 3176 1431 3228 589
1487 3182 1617 3241 quod
1667 3180 1955 3228 uocabulum

123 3266 308 3332 saetam
341 3269 396 3318 ut
428 3285 487 3318 eoe
521 3286 619 3319 non
657 3275 701 3320 et
732 3273 842 3320 uolo
879 3273 1004 3329 nole,
1039 3275 1208 3332 sie1ea.
1240 3288 1299 3320 ne
1337 3276 1381 3319 et
1401 3273 1679 3332 quidquam
1717 3273 1830 3318 item
1861 3276 1954 3317 me-

122 3341 219 3408 d*
176 3373 208 3407 a
258 3356 436 3428 extrita
471 3363 676 3423 syllaba,
719 3366 932 3411 eoactum
971 3366 1039 3411 est
1073 3378 1295 3423 nequam.
1357 3375 1514 3426 quam
1568 3357 1634 3408 ob
1688 3371 1804 3406 rem
1850 3353 1954 3406 hoc

122 3461 301 3515 genus
342 3445 400 3500 in
437 3445 529 3500 illa
567 3449 760 3518 regula
796 3447 1158 3519 praetermitti
1192 3466 1354 3521 posse
1390 3464 1532 3516 nego
1571 3453 1624 3498 et
1645 3445 1949 3497 Varronem

121 3539 329 3605 denique
361 3526 704 3591 uocabulorum
741 3543 1066 3603 conpositione
1101 3547 1186 3591 aut
1218 3542 1476 3592 conlisione
1515 3534 1789 3608 scripsisse
1827 3553 1945 3587 cen-
