<?xml version="1.0" encoding="UTF-8"?>
<!DOCTYPE html PUBLIC "-//W3C//DTD XHTML 1.0 Transitional//EN"
    "http://www.w3.org/TR/xhtml1/DTD/xhtml1-transitional.dtd">
<html xmlns="http://www.w3.org/1999/xhtml" xml:lang="en" lang="en">
 <head>
  <title>
</title>
<meta http-equiv="Content-Type" content="text/html;charset=utf-8" />
  <meta name='ocr-system' content='tesseract 3.04.00' />
  <meta name='ocr-capabilities' content='ocr_page ocr_carea ocr_par ocr_line ocrx_word'/>
</head>
<body>
  <div class='ocr_page' id='page_1' title='image "./demterentivarron00wilmuoft_0170.png"; bbox 0 0 2222 4056; ppageno 0'>
   <div class='ocr_carea' id='block_1_1' title="bbox 1144 327 1239 375">
    <p class='ocr_par' dir='ltr' id='par_1_1' title="bbox 1144 327 1239 375">
     <span class='ocr_line' id='line_1_1' title="bbox 1144 327 1239 375; baseline 0.011 -2"><span class='ocrx_word' id='word_1_1' title='bbox 1144 327 1239 375; x_wconf 79' lang='lat'><strong>158</strong></span> 
     </span>
    </p>
   </div>
   <div class='ocr_carea' id='block_1_2' title="bbox 227 469 2106 702">
    <p class='ocr_par' dir='ltr' id='par_1_2' title="bbox 227 469 2106 702">
     <span class='ocr_line' id='line_1_2' title="bbox 227 469 2103 544; baseline 0.005 -25"><span class='ocrx_word' id='word_1_2' title='bbox 227 470 291 519; x_wconf 95' lang='grc'><strong>22</strong></span> <span class='ocrx_word' id='word_1_3' title='bbox 457 469 667 523; x_wconf 76' lang='lat' dir='ltr'><strong>Plinius</strong></span> <span class='ocrx_word' id='word_1_4' title='bbox 697 469 960 522; x_wconf 84' lang='lat' dir='ltr'><strong>sermonis</strong></span> <span class='ocrx_word' id='word_1_5' title='bbox 999 469 1148 523; x_wconf 88' lang='lat' dir='ltr'><strong>dubii</strong></span> <span class='ocrx_word' id='word_1_6' title='bbox 1170 471 1251 523; x_wconf 85' lang='lat' dir='ltr'><strong>VI</strong></span> <span class='ocrx_word' id='word_1_7' title='bbox 1276 471 1343 523; x_wconf 86' lang='lat' dir='ltr'><strong>de</strong></span> <span class='ocrx_word' id='word_1_8' title='bbox 1365 470 1640 527; x_wconf 80' lang='lat' dir='ltr'><strong>Varrone:</strong></span> <span class='ocrx_word' id='word_1_9' title='bbox 1681 493 1839 544; x_wconf 85' lang='lat' dir='ltr'><strong>quam</strong></span> <span class='ocrx_word' id='word_1_10' title='bbox 1869 477 2103 531; x_wconf 77' lang='lat' dir='ltr'><strong>maxime</strong></span> 
     </span>
     <span class='ocr_line' id='line_1_3' title="bbox 283 557 2106 635; baseline 0.004 -24"><span class='ocrx_word' id='word_1_11' title='bbox 283 559 461 614; x_wconf 85' lang='lat' dir='ltr'><strong>uicina</strong></span> <span class='ocrx_word' id='word_1_12' title='bbox 499 557 713 613; x_wconf 80' lang='lat' dir='ltr'><strong>Graeco</strong></span> <span class='ocrx_word' id='word_1_13' title='bbox 755 558 970 613; x_wconf 84' lang='lat' dir='ltr'><strong>Graeca</strong></span> <span class='ocrx_word' id='word_1_14' title='bbox 1006 559 1154 629; x_wconf 83' lang='lat' dir='ltr'><strong>dicit,</strong></span> <span class='ocrx_word' id='word_1_15' title='bbox 1191 561 1268 614; x_wconf 88' lang='lat' dir='ltr'><strong>uti</strong></span> <span class='ocrx_word' id='word_1_16' title='bbox 1306 578 1406 614; x_wconf 92' lang='lat' dir='ltr'><strong>nec</strong></span> <span class='ocrx_word' id='word_1_17' title='bbox 1446 562 1731 618; x_wconf 81' lang='lat' dir='ltr'><strong>schematis</strong></span> <span class='ocrx_word' id='word_1_18' title='bbox 1771 567 1990 635; x_wconf 87' lang='lat' dir='ltr'><strong>quidem</strong></span> <span class='ocrx_word' id='word_1_19' title='bbox 2025 566 2106 624; x_wconf 58' lang='lat' dir='ltr'><strong>di÷</strong></span> 
     </span>
     <span class='ocr_line' id='line_1_4' title="bbox 287 649 863 702; baseline 0.002 -1"><span class='ocrx_word' id='word_1_20' title='bbox 287 656 372 702; x_wconf 88' lang='lat' dir='ltr'><strong>cat</strong></span> <span class='ocrx_word' id='word_1_21' title='bbox 411 649 507 701; x_wconf 87' lang='lat' dir='ltr'><strong>sed</strong></span> <span class='ocrx_word' id='word_1_22' title='bbox 546 649 863 702; x_wconf 87' lang='lat' dir='ltr'><strong>schemasin.</strong></span> 
     </span>
    </p>
   </div>
   <div class='ocr_carea' id='block_1_3' title="bbox 221 799 2151 1123">
    <p class='ocr_par' dir='ltr' id='par_1_3' title="bbox 221 799 2151 1123">
     <span class='ocr_line' id='line_1_5' title="bbox 223 799 2101 879; baseline 0.006 -27"><span class='ocrx_word' id='word_1_23' title='bbox 223 803 283 852; x_wconf 85' lang='grc'><strong>23</strong></span> <span class='ocrx_word' id='word_1_24' title='bbox 452 799 564 854; x_wconf 78' lang='lat' dir='ltr'><strong>Git.</strong></span> <span class='ocrx_word' id='word_1_25' title='bbox 599 801 774 853; x_wconf 87' lang='lat' dir='ltr'><strong>Varro</strong></span> <span class='ocrx_word' id='word_1_26' title='bbox 798 801 866 853; x_wconf 89' lang='lat' dir='ltr'><strong>ad</strong></span> <span class='ocrx_word' id='word_1_27' title='bbox 890 799 1214 856; x_wconf 81' lang='lat' dir='ltr'><strong>Ciceronem</strong></span> <span class='ocrx_word' id='word_1_28' title='bbox 1251 805 1335 859; x_wconf 89' lang='lat' dir='ltr'><strong>XI</strong></span> <span class='ocrx_word' id='word_1_29' title='bbox 1372 824 1469 877; x_wconf 89' lang='lat' dir='ltr'><strong>per</strong></span> <span class='ocrx_word' id='word_1_30' title='bbox 1508 824 1695 860; x_wconf 87' lang='lat' dir='ltr'><strong>omnes</strong></span> <span class='ocrx_word' id='word_1_31' title='bbox 1733 827 1884 863; x_wconf 86' lang='lat' dir='ltr'><strong>casus</strong></span> <span class='ocrx_word' id='word_1_32' title='bbox 1918 809 1974 862; x_wconf 90' lang='lat' dir='ltr'><strong>id</strong></span> <span class='ocrx_word' id='word_1_33' title='bbox 2013 829 2101 879; x_wconf 86' lang='lat' dir='ltr'><strong>no-</strong></span> 
     </span>
     <span class='ocr_line' id='line_1_6' title="bbox 283 890 2151 946; baseline 0.005 -5"><span class='ocrx_word' id='word_1_34' title='bbox 283 908 406 941; x_wconf 89' lang='lat' dir='ltr'><strong>men</strong></span> <span class='ocrx_word' id='word_1_35' title='bbox 443 890 522 942; x_wconf 90' lang='lat' dir='ltr'><strong>ire</strong></span> <span class='ocrx_word' id='word_1_36' title='bbox 561 890 761 944; x_wconf 86' lang='lat' dir='ltr'><strong>debere</strong></span> <span class='ocrx_word' id='word_1_37' title='bbox 799 893 1165 946; x_wconf 88' lang='lat' dir='ltr'><strong>conmeminit.</strong></span> <span class='ocrx_word' id='word_1_38' title='bbox 2123 902 2151 945; x_wconf 84' lang='lat'>5</span> 
     </span>
     <span class='ocr_line' id='line_1_7' title="bbox 221 1041 2101 1123; baseline 0.004 -27"><span class='ocrx_word' id='word_1_39' title='bbox 221 1041 285 1090; x_wconf 75' lang='lat'><strong>24</strong></span> <span class='ocrx_word' id='word_1_40' title='bbox 451 1043 764 1097; x_wconf 82' lang='lat' dir='ltr'><strong>Secundum</strong></span> <span class='ocrx_word' id='word_1_41' title='bbox 802 1044 1107 1098; x_wconf 89' lang='lat' dir='ltr'><strong>Varronem</strong></span> <span class='ocrx_word' id='word_1_42' title='bbox 1159 1046 1409 1100; x_wconf 89' lang='lat' dir='ltr'><strong>iuuenior</strong></span> <span class='ocrx_word' id='word_1_43' title='bbox 1447 1055 1500 1100; x_wconf 90' lang='lat' dir='ltr'><strong>et</strong></span> <span class='ocrx_word' id='word_1_44' title='bbox 1535 1048 1715 1103; x_wconf 87' lang='lat' dir='ltr'><strong>senior</strong></span> <span class='ocrx_word' id='word_1_45' title='bbox 1752 1051 2101 1123; x_wconf 82' lang='lat' dir='ltr'><strong>comparatiui</strong></span> 
     </span>
    </p>
   </div>
   <div class='ocr_carea' id='block_1_4' title="bbox 281 1133 1007 1204">
    <p class='ocr_par' dir='ltr' id='par_1_4' title="bbox 281 1133 1007 1204">
     <span class='ocr_line' id='line_1_8' title="bbox 281 1133 1007 1204; baseline 0.007 -20"><span class='ocrx_word' id='word_1_46' title='bbox 281 1140 404 1184; x_wconf 93' lang='lat' dir='ltr'><strong>sunt</strong></span> <span class='ocrx_word' id='word_1_47' title='bbox 442 1151 541 1204; x_wconf 87' lang='lat' dir='ltr'><strong>per</strong></span> <span class='ocrx_word' id='word_1_48' title='bbox 577 1133 1007 1190; x_wconf 87' lang='lat' dir='ltr'><strong>inminutionem.</strong></span> 
     </span>
    </p>
   </div>
   <div class='ocr_carea' id='block_1_5' title="bbox 276 1284 2103 2870">
    <p class='ocr_par' dir='ltr' id='par_1_5' title="bbox 276 1284 2103 2870">
     <span class='ocr_line' id='line_1_9' title="bbox 442 1284 2103 1345; baseline 0.005 -16"><span class='ocrx_word' id='word_1_49' title='bbox 442 1284 513 1330; x_wconf 87' lang='lat'><strong>22.</strong></span> <span class='ocrx_word' id='word_1_50' title='bbox 551 1285 730 1344; x_wconf 87' lang='lat' dir='ltr'><strong>Char.p</strong></span> <span class='ocrx_word' id='word_1_51' title='bbox 764 1288 836 1343; x_wconf 82' lang='grc'><strong>52,</strong></span> <span class='ocrx_word' id='word_1_52' title='bbox 852 1287 932 1331; x_wconf 84' lang='grc'><strong>21;</strong></span> <span class='ocrx_word' id='word_1_53' title='bbox 964 1287 1223 1345; x_wconf 84' lang='lat' dir='ltr'><strong>Singularia</strong></span> <span class='ocrx_word' id='word_1_54' title='bbox 1251 1291 1418 1333; x_wconf 90' lang='lat' dir='ltr'><strong>neutra</strong></span> <span class='ocrx_word' id='word_1_55' title='bbox 1447 1290 1487 1342; x_wconf 88' lang='lat' dir='ltr'>A</span> <span class='ocrx_word' id='word_1_56' title='bbox 1519 1290 1678 1334; x_wconf 90' lang='lat' dir='ltr'><strong>littera</strong></span> <span class='ocrx_word' id='word_1_57' title='bbox 1708 1291 1957 1335; x_wconf 85' lang='lat' dir='ltr'><strong>terminata</strong></span> <span class='ocrx_word' id='word_1_58' title='bbox 1976 1293 2103 1338; x_wconf 80' lang='lat' dir='ltr'><strong>nulla</strong></span> 
     </span>
     <span class='ocr_line' id='line_1_10' title="bbox 278 1344 2102 1407; baseline 0.005 -20"><span class='ocrx_word' id='word_1_59' title='bbox 278 1344 577 1389; x_wconf 87' lang='lat' dir='ltr'><strong>inueniuntur</strong></span> <span class='ocrx_word' id='word_1_60' title='bbox 607 1347 696 1390; x_wconf 87' lang='lat' dir='ltr'><strong>nisi</strong></span> <span class='ocrx_word' id='word_1_61' title='bbox 726 1347 987 1403; x_wconf 86' lang='lat' dir='ltr'><strong>peregrina,</strong></span> <span class='ocrx_word' id='word_1_62' title='bbox 1028 1352 1081 1390; x_wconf 90' lang='lat' dir='ltr'><strong>ut</strong></span> <span class='ocrx_word' id='word_1_63' title='bbox 1119 1351 1330 1391; x_wconf 89' lang='lat' dir='ltr'><strong>toreuma</strong></span> <span class='ocrx_word' id='word_1_64' title='bbox 1360 1350 1585 1393; x_wconf 83' lang='lat' dir='ltr'><strong>emblema</strong></span> <span class='ocrx_word' id='word_1_65' title='bbox 1614 1364 1792 1406; x_wconf 89' lang='lat' dir='ltr'><strong>poema,</strong></span> <span class='ocrx_word' id='word_1_66' title='bbox 1847 1345 2102 1407; x_wconf 56' lang='lat' dir='ltr'><strong>dequibus</strong></span> 
     </span>
     <span class='ocr_line' id='line_1_11' title="bbox 281 1403 2103 1466; baseline 0.006 -20"><span class='ocrx_word' id='word_1_67' title='bbox 281 1403 522 1448; x_wconf 86' lang='lat' dir='ltr'><strong>dubitatur</strong></span> <span class='ocrx_word' id='word_1_68' title='bbox 554 1419 690 1461; x_wconf 91' lang='lat' dir='ltr'><strong>quem</strong></span> <span class='ocrx_word' id='word_1_69' title='bbox 709 1421 879 1452; x_wconf 58' lang='lat' dir='ltr'><strong>casum</strong></span> <span class='ocrx_word' id='word_1_70' title='bbox 910 1407 1177 1463; x_wconf 87' lang='lat' dir='ltr'><strong>genetiuum</strong></span> <span class='ocrx_word' id='word_1_71' title='bbox 1213 1411 1260 1450; x_wconf 88' lang='lat' dir='ltr'><strong>et</strong></span> <span class='ocrx_word' id='word_1_72' title='bbox 1289 1409 1542 1452; x_wconf 88' lang='lat' dir='ltr'><strong>ablatiuum</strong></span> <span class='ocrx_word' id='word_1_73' title='bbox 1573 1409 1788 1454; x_wconf 84' lang='lat' dir='ltr'><strong>habeant.</strong></span> <span class='ocrx_word' id='word_1_74' title='bbox 1817 1410 2014 1466; x_wconf 79' lang='lat' dir='ltr'><strong>legimus</strong></span> <span class='ocrx_word' id='word_1_75' title='bbox 2032 1414 2103 1457; x_wconf 87' lang='lat' dir='ltr'><strong>to—</strong></span> 
     </span>
     <span class='ocr_line' id='line_1_12' title="bbox 279 1466 2102 1520; baseline 0.004 -14"><span class='ocrx_word' id='word_1_76' title='bbox 279 1466 538 1506; x_wconf 86' lang='lat' dir='ltr'><strong>reumatum</strong></span> <span class='ocrx_word' id='word_1_77' title='bbox 571 1469 618 1508; x_wconf 92' lang='lat' dir='ltr'><strong>et</strong></span> <span class='ocrx_word' id='word_1_78' title='bbox 650 1469 1027 1520; x_wconf 85' lang='lat' dir='ltr'><strong>toreumatorum,</strong></span> <span class='ocrx_word' id='word_1_79' title='bbox 1056 1467 1393 1511; x_wconf 74' lang='lat' dir='ltr'><strong>toreumatibus</strong></span> <span class='ocrx_word' id='word_1_80' title='bbox 1420 1471 1467 1511; x_wconf 88' lang='lat' dir='ltr'><strong>et</strong></span> <span class='ocrx_word' id='word_1_81' title='bbox 1497 1468 1766 1512; x_wconf 75' lang='lat' dir='ltr'><strong>toreumatis</strong></span> <span class='ocrx_word' id='word_1_82' title='bbox 1801 1471 1848 1512; x_wconf 93' lang='lat' dir='ltr'><strong>et</strong></span> <span class='ocrx_word' id='word_1_83' title='bbox 1882 1469 1950 1513; x_wconf 88' lang='lat' dir='ltr'><strong>sic</strong></span> <span class='ocrx_word' id='word_1_84' title='bbox 1981 1470 2102 1514; x_wconf 85' lang='lat' dir='ltr'><strong>simi-</strong></span> 
     </span>
     <span class='ocr_line' id='line_1_13' title="bbox 279 1523 2102 1583; baseline 0.004 -18"><span class='ocrx_word' id='word_1_85' title='bbox 279 1523 351 1564; x_wconf 89' lang='lat' dir='ltr'><strong>lia.</strong></span> <span class='ocrx_word' id='word_1_86' title='bbox 416 1524 700 1567; x_wconf 82' lang='lat' dir='ltr'><strong>commodius</strong></span> <span class='ocrx_word' id='word_1_87' title='bbox 731 1528 885 1567; x_wconf 87' lang='lat' dir='ltr'><strong>tamen</strong></span> <span class='ocrx_word' id='word_1_88' title='bbox 919 1529 1174 1581; x_wconf 86' lang='lat' dir='ltr'><strong>senserunt,</strong></span> <span class='ocrx_word' id='word_1_89' title='bbox 1209 1525 1286 1581; x_wconf 89' lang='lat' dir='ltr'><strong>qui</strong></span> <span class='ocrx_word' id='word_1_90' title='bbox 1316 1530 1623 1570; x_wconf 73' lang='lat' dir='ltr'><strong>toreumatum</strong></span> <span class='ocrx_word' id='word_1_91' title='bbox 1656 1530 1704 1570; x_wconf 87' lang='lat' dir='ltr'><strong>et</strong></span> <span class='ocrx_word' id='word_1_92' title='bbox 1735 1531 2002 1583; x_wconf 86' lang='lat' dir='ltr'><strong>poematum</strong></span> <span class='ocrx_word' id='word_1_93' title='bbox 2036 1526 2102 1573; x_wconf 82' lang='lat' dir='ltr'><strong>di-</strong></span> 
     </span>
     <span class='ocr_line' id='line_1_14' title="bbox 280 1581 2101 1642; baseline 0.005 -18"><span class='ocrx_word' id='word_1_94' title='bbox 280 1581 478 1625; x_wconf 85' lang='lat' dir='ltr'><strong>cendum</strong></span> <span class='ocrx_word' id='word_1_95' title='bbox 506 1587 803 1639; x_wconf 89' lang='lat' dir='ltr'><strong>putauerunt,</strong></span> <span class='ocrx_word' id='word_1_96' title='bbox 834 1583 1034 1640; x_wconf 89' lang='lat' dir='ltr'><strong>primum</strong></span> <span class='ocrx_word' id='word_1_97' title='bbox 1064 1585 1187 1639; x_wconf 89' lang='lat' dir='ltr'><strong>quod</strong></span> <span class='ocrx_word' id='word_1_98' title='bbox 1218 1584 1329 1629; x_wconf 88' lang='lat' dir='ltr'><strong>haec</strong></span> <span class='ocrx_word' id='word_1_99' title='bbox 1359 1587 1507 1642; x_wconf 87' lang='lat' dir='ltr'><strong>magis</strong></span> <span class='ocrx_word' id='word_1_100' title='bbox 1540 1586 1597 1630; x_wconf 87' lang='lat' dir='ltr'><strong>ad</strong></span> <span class='ocrx_word' id='word_1_101' title='bbox 1627 1600 1869 1630; x_wconf 88' lang='lat' dir='ltr'><strong>romanum</strong></span> <span class='ocrx_word' id='word_1_102' title='bbox 1899 1587 2101 1634; x_wconf 82' lang='lat' dir='ltr'><strong>colorem</strong></span> 
     </span>
     <span class='ocr_line' id='line_1_15' title="bbox 278 1640 2102 1703; baseline 0.004 -21"><span class='ocrx_word' id='word_1_103' title='bbox 278 1640 495 1684; x_wconf 85' lang='lat' dir='ltr'><strong>uidentur</strong></span> <span class='ocrx_word' id='word_1_104' title='bbox 532 1642 776 1697; x_wconf 88' lang='lat' dir='ltr'><strong>accedere,</strong></span> <span class='ocrx_word' id='word_1_105' title='bbox 825 1641 932 1686; x_wconf 88' lang='lat' dir='ltr'><strong>dein</strong></span> <span class='ocrx_word' id='word_1_106' title='bbox 977 1643 1098 1696; x_wconf 85' lang='lat' dir='ltr'><strong>quod</strong></span> <span class='ocrx_word' id='word_1_107' title='bbox 1130 1657 1444 1700; x_wconf 84' lang='lat' dir='ltr'><strong>quaecumque</strong></span> <span class='ocrx_word' id='word_1_108' title='bbox 1475 1645 1660 1688; x_wconf 87' lang='lat' dir='ltr'><strong>nomina</strong></span> <span class='ocrx_word' id='word_1_109' title='bbox 1689 1646 1905 1702; x_wconf 88' lang='lat' dir='ltr'><strong>genetiuo</strong></span> <span class='ocrx_word' id='word_1_110' title='bbox 1935 1647 2102 1703; x_wconf 87' lang='lat' dir='ltr'><strong>plurali</strong></span> 
     </span>
     <span class='ocr_line' id='line_1_16' title="bbox 279 1699 2103 1761; baseline 0.005 -20"><span class='ocrx_word' id='word_1_111' title='bbox 279 1699 401 1755; x_wconf 87' lang='lat' dir='ltr'><strong>apud</strong></span> <span class='ocrx_word' id='word_1_112' title='bbox 433 1714 624 1757; x_wconf 83' lang='lat' dir='ltr'><strong>graecos</strong></span> <span class='ocrx_word' id='word_1_113' title='bbox 655 1716 740 1758; x_wconf 91' lang='lat' dir='ltr'><strong>per</strong></span> <span class='ocrx_word' id='word_1_114' title='bbox 772 1717 836 1745; x_wconf 85' lang='grc' dir='ltr'><strong>ων</strong></span> <span class='ocrx_word' id='word_1_115' title='bbox 870 1702 1051 1745; x_wconf 84' lang='lat' dir='ltr'><strong>litteras</strong></span> <span class='ocrx_word' id='word_1_116' title='bbox 1093 1703 1415 1757; x_wconf 87' lang='lat' dir='ltr'><strong>terminantur,</strong></span> <span class='ocrx_word' id='word_1_117' title='bbox 1460 1704 1684 1748; x_wconf 87' lang='lat' dir='ltr'><strong>translata</strong></span> <span class='ocrx_word' id='word_1_118' title='bbox 1725 1704 1774 1747; x_wconf 90' lang='lat' dir='ltr'><strong>in</strong></span> <span class='ocrx_word' id='word_1_119' title='bbox 1810 1703 2008 1748; x_wconf 86' lang='lat' dir='ltr'><strong>latinum</strong></span> <span class='ocrx_word' id='word_1_120' title='bbox 2032 1722 2103 1761; x_wconf 25' lang='grc' dir='ltr'><strong>Αων</strong></span> 
     </span>
     <span class='ocr_line' id='line_1_17' title="bbox 278 1755 2099 1831; baseline 0.004 -30"><span class='ocrx_word' id='word_1_121' title='bbox 278 1758 325 1801; x_wconf 90' lang='lat' dir='ltr'><strong>in</strong></span> <span class='ocrx_word' id='word_1_122' title='bbox 341 1759 432 1801; x_wconf 93' lang='lat' dir='ltr'><strong>VM</strong></span> <span class='ocrx_word' id='word_1_123' title='bbox 462 1763 659 1813; x_wconf 87' lang='lat' dir='ltr'><strong>mutant,</strong></span> <span class='ocrx_word' id='word_1_124' title='bbox 691 1765 744 1804; x_wconf 91' lang='lat' dir='ltr'><strong>ut</strong></span> <span class='ocrx_word' id='word_1_125' title='bbox 772 1755 995 1831; x_wconf 62' lang='lat' dir='ltr'><strong>‘Ento&#39;pmv</strong></span> <span class='ocrx_word' id='word_1_126' title='bbox 1023 1757 1282 1818; x_wconf 77' lang='grc' dir='ltr'><em>Νεστόρων,</em></span> <span class='ocrx_word' id='word_1_127' title='bbox 1312 1763 1843 1808; x_wconf 88' lang='lat' dir='ltr'><strong>Hectorum-Nestorum.</strong></span> <span class='ocrx_word' id='word_1_128' title='bbox 1876 1764 1944 1809; x_wconf 85' lang='lat' dir='ltr'><strong>sic</strong></span> <span class='ocrx_word' id='word_1_129' title='bbox 1975 1779 2099 1823; x_wconf 84' lang='lat' dir='ltr'><strong>ergo,</strong></span> 
     </span>
     <span class='ocr_line' id='line_1_18' title="bbox 279 1817 2101 1880; baseline 0.004 -21"><span class='ocrx_word' id='word_1_130' title='bbox 279 1830 383 1860; x_wconf 89' lang='lat' dir='ltr'><strong>cum</strong></span> <span class='ocrx_word' id='word_1_131' title='bbox 411 1818 479 1861; x_wconf 88' lang='lat' dir='ltr'><strong>illi</strong></span> <span class='ocrx_word' id='word_1_132' title='bbox 513 1818 670 1863; x_wconf 88' lang='lat' dir='ltr'><strong>dicant</strong></span> <span class='ocrx_word' id='word_1_133' title='bbox 701 1819 1007 1879; x_wconf 76' lang='grc' dir='ltr'><em>ἒμβληματων</em></span> <span class='ocrx_word' id='word_1_134' title='bbox 1037 1817 1325 1879; x_wconf 78' lang='grc' dir='ltr'><em>τορευμάτων</em></span> <span class='ocrx_word' id='word_1_135' title='bbox 1352 1818 1632 1880; x_wconf 76' lang='grc' dir='ltr'><em>ποιημάτων,</em></span> <span class='ocrx_word' id='word_1_136' title='bbox 1664 1837 1747 1865; x_wconf 87' lang='lat' dir='ltr'><strong>nos</strong></span> <span class='ocrx_word' id='word_1_137' title='bbox 1777 1825 1905 1870; x_wconf 84' lang='lat' dir='ltr'><strong>recte</strong></span> <span class='ocrx_word' id='word_1_138' title='bbox 1932 1825 2101 1871; x_wconf 91' lang='lat' dir='ltr'><strong>emble-</strong></span> 
     </span>
     <span class='ocr_line' id='line_1_19' title="bbox 277 1880 2099 1939; baseline 0.005 -21"><span class='ocrx_word' id='word_1_139' title='bbox 277 1880 453 1919; x_wconf 86' lang='lat' dir='ltr'><strong>matum</strong></span> <span class='ocrx_word' id='word_1_140' title='bbox 482 1881 791 1921; x_wconf 88' lang='lat' dir='ltr'><strong>toreumatum</strong></span> <span class='ocrx_word' id='word_1_141' title='bbox 821 1883 1084 1936; x_wconf 89' lang='lat' dir='ltr'><strong>poematum</strong></span> <span class='ocrx_word' id='word_1_142' title='bbox 1119 1881 1323 1923; x_wconf 86' lang='lat' dir='ltr'><strong>dicimus.</strong></span> <span class='ocrx_word' id='word_1_143' title='bbox 1361 1882 1573 1925; x_wconf 89' lang='lat' dir='ltr'><strong>similiter</strong></span> <span class='ocrx_word' id='word_1_144' title='bbox 1602 1882 1651 1924; x_wconf 89' lang='lat' dir='ltr'><strong>in</strong></span> <span class='ocrx_word' id='word_1_145' title='bbox 1683 1882 1902 1938; x_wconf 85' lang='lat' dir='ltr'><strong>genetiuo</strong></span> <span class='ocrx_word' id='word_1_146' title='bbox 1919 1897 2099 1939; x_wconf 89' lang='lat' dir='ltr'><strong>quoque</strong></span> 
     </span>
     <span class='ocr_line' id='line_1_20' title="bbox 278 1935 2098 1999; baseline 0.005 -22"><span class='ocrx_word' id='word_1_147' title='bbox 278 1935 500 1992; x_wconf 82' lang='lat' dir='ltr'><strong>singulari</strong></span> <span class='ocrx_word' id='word_1_148' title='bbox 531 1953 580 1985; x_wconf 84' lang='grc' dir='ltr'><strong>ος</strong></span> <span class='ocrx_word' id='word_1_149' title='bbox 606 1952 822 1994; x_wconf 87' lang='lat' dir='ltr'><strong>graecum</strong></span> <span class='ocrx_word' id='word_1_150' title='bbox 853 1939 903 1982; x_wconf 91' lang='lat' dir='ltr'><strong>in</strong></span> <span class='ocrx_word' id='word_1_151' title='bbox 933 1940 971 1982; x_wconf 89' lang='lat' dir='ltr'><strong>is</strong></span> <span class='ocrx_word' id='word_1_152' title='bbox 1004 1939 1197 1982; x_wconf 90' lang='lat' dir='ltr'><strong>latinum</strong></span> <span class='ocrx_word' id='word_1_153' title='bbox 1228 1943 1472 1994; x_wconf 87' lang='lat' dir='ltr'><strong>mutamus,</strong></span> <span class='ocrx_word' id='word_1_154' title='bbox 1515 1945 1568 1984; x_wconf 89' lang='lat' dir='ltr'><strong>ut</strong></span> <span class='ocrx_word' id='word_1_155' title='bbox 1610 1936 1901 1999; x_wconf 75' lang='grc' dir='ltr'><em>ἒμβλήματος</em></span> <span class='ocrx_word' id='word_1_156' title='bbox 1930 1943 2098 1986; x_wconf 91' lang='lat' dir='ltr'><strong>emble-</strong></span> 
     </span>
     <span class='ocr_line' id='line_1_21' title="bbox 276 1993 2097 2058; baseline 0.004 -21"><span class='ocrx_word' id='word_1_157' title='bbox 276 1995 428 2051; x_wconf 84' lang='lat' dir='ltr'><strong>matis,</strong></span> <span class='ocrx_word' id='word_1_158' title='bbox 458 1993 724 2055; x_wconf 76' lang='grc' dir='ltr'><em>κηρώματος</em></span> <span class='ocrx_word' id='word_1_159' title='bbox 755 1998 1014 2053; x_wconf 90' lang='lat' dir='ltr'><strong>ceromatis,</strong></span> <span class='ocrx_word' id='word_1_160' title='bbox 1050 1993 1302 2056; x_wconf 80' lang='grc' dir='ltr'><em>ποιήματος</em></span> <span class='ocrx_word' id='word_1_161' title='bbox 1318 2000 1558 2056; x_wconf 89' lang='lat' dir='ltr'><strong>poematis,</strong></span> <span class='ocrx_word' id='word_1_162' title='bbox 1590 1995 1831 2058; x_wconf 79' lang='grc' dir='ltr'><em>πήγματος</em></span> <span class='ocrx_word' id='word_1_163' title='bbox 1854 2002 2097 2057; x_wconf 85' lang='lat' dir='ltr'><strong>pegmatis.</strong></span> 
     </span>
     <span class='ocr_line' id='line_1_22' title="bbox 277 2055 2101 2117; baseline 0.003 -20"><span class='ocrx_word' id='word_1_164' title='bbox 277 2067 383 2096; x_wconf 87' lang='lat' dir='ltr'><strong>nam</strong></span> <span class='ocrx_word' id='word_1_165' title='bbox 415 2055 751 2099; x_wconf 90' lang='lat' dir='ltr'><strong>nominatiuum</strong></span> <span class='ocrx_word' id='word_1_166' title='bbox 792 2057 1018 2113; x_wconf 87' lang='lat' dir='ltr'><strong>pluralem</strong></span> <span class='ocrx_word' id='word_1_167' title='bbox 1062 2071 1226 2114; x_wconf 84' lang='lat' dir='ltr'><strong>graece</strong></span> <span class='ocrx_word' id='word_1_168' title='bbox 1265 2058 1570 2114; x_wconf 88' lang='lat' dir='ltr'><strong>proferemus:</strong></span> <span class='ocrx_word' id='word_1_169' title='bbox 1613 2064 1826 2117; x_wconf 81' lang='lat' dir='ltr'><strong>poemata</strong></span> <span class='ocrx_word' id='word_1_170' title='bbox 1867 2063 2101 2104; x_wconf 87' lang='lat' dir='ltr'><strong>ceromata</strong></span> 
     </span>
     <span class='ocr_line' id='line_1_23' title="bbox 278 2116 2101 2173; baseline 0.003 -16"><span class='ocrx_word' id='word_1_171' title='bbox 278 2118 495 2170; x_wconf 85' lang='lat' dir='ltr'><strong>pegmata</strong></span> <span class='ocrx_word' id='word_1_172' title='bbox 525 2116 798 2159; x_wconf 81' lang='lat' dir='ltr'><strong>emblemata</strong></span> <span class='ocrx_word' id='word_1_173' title='bbox 833 2120 880 2159; x_wconf 90' lang='lat' dir='ltr'><strong>et</strong></span> <span class='ocrx_word' id='word_1_174' title='bbox 912 2116 1091 2159; x_wconf 86' lang='lat' dir='ltr'><strong>similia.</strong></span> <span class='ocrx_word' id='word_1_175' title='bbox 1125 2116 1238 2159; x_wconf 91' lang='lat' dir='ltr'><strong>item</strong></span> <span class='ocrx_word' id='word_1_176' title='bbox 1269 2118 1562 2173; x_wconf 86' lang='lat' dir='ltr'><strong>poematibus</strong></span> <span class='ocrx_word' id='word_1_177' title='bbox 1592 2118 1901 2162; x_wconf 85' lang='lat' dir='ltr'><strong>schematibus</strong></span> <span class='ocrx_word' id='word_1_178' title='bbox 1933 2119 2101 2164; x_wconf 80' lang='lat' dir='ltr'><strong>emble-</strong></span> 
     </span>
     <span class='ocr_line' id='line_1_24' title="bbox 279 2174 2100 2234; baseline 0.003 -19"><span class='ocrx_word' id='word_1_179' title='bbox 279 2174 479 2216; x_wconf 88' lang='lat' dir='ltr'><strong>matibus</strong></span> <span class='ocrx_word' id='word_1_180' title='bbox 522 2175 767 2218; x_wconf 86' lang='lat' dir='ltr'><strong>dicendum</strong></span> <span class='ocrx_word' id='word_1_181' title='bbox 808 2179 891 2230; x_wconf 89' lang='lat' dir='ltr'><strong>est,</strong></span> <span class='ocrx_word' id='word_1_182' title='bbox 939 2176 1156 2231; x_wconf 88' lang='lat' dir='ltr'><strong>quoniam</strong></span> <span class='ocrx_word' id='word_1_183' title='bbox 1198 2190 1512 2232; x_wconf 89' lang='lat' dir='ltr'><strong>quaecumque</strong></span> <span class='ocrx_word' id='word_1_184' title='bbox 1554 2177 1741 2221; x_wconf 89' lang='lat' dir='ltr'><strong>nomina</strong></span> <span class='ocrx_word' id='word_1_185' title='bbox 1777 2178 2100 2234; x_wconf 87' lang='lat' dir='ltr'><strong>cuiuscumque</strong></span> 
     </span>
     <span class='ocr_line' id='line_1_25' title="bbox 279 2233 2102 2292; baseline 0.003 -18"><span class='ocrx_word' id='word_1_186' title='bbox 279 2233 462 2287; x_wconf 86' lang='lat' dir='ltr'><strong>generis</strong></span> <span class='ocrx_word' id='word_1_187' title='bbox 496 2234 718 2290; x_wconf 85' lang='lat' dir='ltr'><strong>singulari</strong></span> <span class='ocrx_word' id='word_1_188' title='bbox 750 2249 941 2279; x_wconf 87' lang='lat' dir='ltr'><strong>numero</strong></span> <span class='ocrx_word' id='word_1_189' title='bbox 975 2249 1085 2278; x_wconf 86' lang='lat' dir='ltr'><strong>casu</strong></span> <span class='ocrx_word' id='word_1_190' title='bbox 1117 2235 1317 2278; x_wconf 88' lang='lat' dir='ltr'><strong>ablatiuo</strong></span> <span class='ocrx_word' id='word_1_191' title='bbox 1351 2236 1490 2292; x_wconf 86' lang='lat' dir='ltr'><strong>perE</strong></span> <span class='ocrx_word' id='word_1_192' title='bbox 1519 2236 1723 2279; x_wconf 87' lang='lat' dir='ltr'><strong>litteram</strong></span> <span class='ocrx_word' id='word_1_193' title='bbox 1755 2239 1938 2291; x_wconf 87' lang='lat' dir='ltr'><strong>exeunt,</strong></span> <span class='ocrx_word' id='word_1_194' title='bbox 1971 2252 2024 2280; x_wconf 86' lang='lat' dir='ltr'><strong>ea</strong></span> <span class='ocrx_word' id='word_1_195' title='bbox 2053 2237 2102 2279; x_wconf 89' lang='lat' dir='ltr'><strong>in</strong></span> 
     </span>
     <span class='ocr_line' id='line_1_26' title="bbox 278 2292 2102 2350; baseline 0.003 -16"><span class='ocrx_word' id='word_1_196' title='bbox 278 2292 498 2346; x_wconf 88' lang='lat' dir='ltr'><strong>genetiuo</strong></span> <span class='ocrx_word' id='word_1_197' title='bbox 529 2293 697 2349; x_wconf 88' lang='lat' dir='ltr'><strong>plurali</strong></span> <span class='ocrx_word' id='word_1_198' title='bbox 722 2293 814 2336; x_wconf 90' lang='lat' dir='ltr'><strong>VM</strong></span> <span class='ocrx_word' id='word_1_199' title='bbox 845 2297 893 2337; x_wconf 88' lang='lat' dir='ltr'><strong>et</strong></span> <span class='ocrx_word' id='word_1_200' title='bbox 923 2294 1081 2337; x_wconf 89' lang='lat' dir='ltr'><strong>datiuo</strong></span> <span class='ocrx_word' id='word_1_201' title='bbox 1115 2298 1162 2337; x_wconf 88' lang='lat' dir='ltr'><strong>et</strong></span> <span class='ocrx_word' id='word_1_202' title='bbox 1192 2294 1396 2339; x_wconf 89' lang='lat' dir='ltr'><strong>ablatiuo</strong></span> <span class='ocrx_word' id='word_1_203' title='bbox 1427 2295 1538 2339; x_wconf 84' lang='lat' dir='ltr'><strong>BVS</strong></span> <span class='ocrx_word' id='word_1_204' title='bbox 1567 2295 1748 2339; x_wconf 88' lang='lat' dir='ltr'><strong>litteras</strong></span> <span class='ocrx_word' id='word_1_205' title='bbox 1778 2295 1964 2350; x_wconf 87' lang='lat' dir='ltr'><strong>habent,</strong></span> <span class='ocrx_word' id='word_1_206' title='bbox 1992 2302 2045 2341; x_wconf 87' lang='lat' dir='ltr'><strong>ut</strong></span> <span class='ocrx_word' id='word_1_207' title='bbox 2075 2310 2102 2339; x_wconf 86' lang='lat' dir='ltr'><strong>a</strong></span> 
     </span>
     <span class='ocr_line' id='line_1_27' title="bbox 279 2351 2102 2408; baseline 0.004 -16"><span class='ocrx_word' id='word_1_208' title='bbox 279 2351 459 2406; x_wconf 89' lang='lat' dir='ltr'><strong>pariete</strong></span> <span class='ocrx_word' id='word_1_209' title='bbox 490 2352 723 2408; x_wconf 88' lang='lat' dir='ltr'><strong>parietum</strong></span> <span class='ocrx_word' id='word_1_210' title='bbox 752 2353 1022 2408; x_wconf 81' lang='lat' dir='ltr'><strong>parietibuS‚</strong></span> <span class='ocrx_word' id='word_1_211' title='bbox 1058 2367 1085 2395; x_wconf 88' lang='lat' dir='ltr'><strong>a</strong></span> <span class='ocrx_word' id='word_1_212' title='bbox 1110 2354 1302 2397; x_wconf 90' lang='lat' dir='ltr'><strong>muliere</strong></span> <span class='ocrx_word' id='word_1_213' title='bbox 1333 2353 1577 2398; x_wconf 89' lang='lat' dir='ltr'><strong>mulierum</strong></span> <span class='ocrx_word' id='word_1_214' title='bbox 1606 2355 1891 2408; x_wconf 74' lang='lat' dir='ltr'><strong>mulieribu8‚</strong></span> <span class='ocrx_word' id='word_1_215' title='bbox 1928 2355 1986 2400; x_wconf 89' lang='lat' dir='ltr'><strong>ab</strong></span> <span class='ocrx_word' id='word_1_216' title='bbox 2022 2355 2102 2399; x_wconf 90' lang='lat' dir='ltr'><strong>ho-</strong></span> 
     </span>
     <span class='ocr_line' id='line_1_28' title="bbox 279 2409 2102 2471; baseline 0.003 -19"><span class='ocrx_word' id='word_1_217' title='bbox 279 2409 401 2452; x_wconf 83' lang='lat' dir='ltr'><strong>mine</strong></span> <span class='ocrx_word' id='word_1_218' title='bbox 430 2410 665 2455; x_wconf 88' lang='lat' dir='ltr'><strong>hominum</strong></span> <span class='ocrx_word' id='word_1_219' title='bbox 694 2411 969 2466; x_wconf 88' lang='lat' dir='ltr'><strong>hominibus,</strong></span> <span class='ocrx_word' id='word_1_220' title='bbox 1006 2413 1200 2456; x_wconf 83' lang='lat' dir='ltr'><strong>a&#39;litore</strong></span> <span class='ocrx_word' id='word_1_221' title='bbox 1231 2413 1420 2456; x_wconf 90' lang='lat' dir='ltr'><strong>litorum</strong></span> <span class='ocrx_word' id='word_1_222' title='bbox 1450 2413 1689 2469; x_wconf 84' lang='lat' dir='ltr'><strong>litoribus3</strong></span> <span class='ocrx_word' id='word_1_223' title='bbox 1739 2413 1804 2457; x_wconf 80' lang='lat' dir='ltr'><strong>sic</strong></span> <span class='ocrx_word' id='word_1_224' title='bbox 1831 2429 1859 2458; x_wconf 86' lang='lat' dir='ltr'><strong>a</strong></span> <span class='ocrx_word' id='word_1_225' title='bbox 1891 2418 2102 2471; x_wconf 81' lang='lat' dir='ltr'><strong>poemate</strong></span> 
     </span>
     <span class='ocr_line' id='line_1_29' title="bbox 280 2471 2103 2526; baseline 0.003 -15"><span class='ocrx_word' id='word_1_226' title='bbox 280 2474 546 2524; x_wconf 89' lang='lat' dir='ltr'><strong>poematum</strong></span> <span class='ocrx_word' id='word_1_227' title='bbox 575 2471 864 2526; x_wconf 87' lang='lat' dir='ltr'><strong>poematibus</strong></span> <span class='ocrx_word' id='word_1_228' title='bbox 885 2475 930 2514; x_wconf 89' lang='lat' dir='ltr'><strong>et</strong></span> <span class='ocrx_word' id='word_1_229' title='bbox 950 2475 1107 2515; x_wconf 89' lang='lat' dir='ltr'><strong>cetera</strong></span> <span class='ocrx_word' id='word_1_230' title='bbox 1140 2471 1317 2515; x_wconf 85' lang='lat' dir='ltr'><strong>similia.</strong></span> <span class='ocrx_word' id='word_1_231' title='bbox 1351 2472 1511 2516; x_wconf 89' lang='lat' dir='ltr'><strong>Cicero</strong></span> <span class='ocrx_word' id='word_1_232' title='bbox 1526 2473 1574 2516; x_wconf 86' lang='lat' dir='ltr'><strong>in</strong></span> <span class='ocrx_word' id='word_1_233' title='bbox 1593 2473 1784 2517; x_wconf 90' lang='lat' dir='ltr'><strong>Verrem</strong></span> <span class='ocrx_word' id='word_1_234' title='bbox 1798 2472 1890 2516; x_wconf 90' lang='lat'><strong>1111</strong></span> <span class='ocrx_word' id='word_1_235' title='bbox 1922 2477 2103 2517; x_wconf 87' lang='lat' dir='ltr'><strong>tantum</strong></span> 
     </span>
     <span class='ocr_line' id='line_1_30' title="bbox 278 2529 2102 2589; baseline 0.002 -18"><span class='ocrx_word' id='word_1_236' title='bbox 278 2529 615 2573; x_wconf 88' lang='lat' dir='ltr'><strong>emblematum.</strong></span> <span class='ocrx_word' id='word_1_237' title='bbox 688 2530 922 2574; x_wconf 90' lang='lat' dir='ltr'><strong>Romanus</strong></span> <span class='ocrx_word' id='word_1_238' title='bbox 958 2533 1109 2586; x_wconf 83' lang='lat' dir='ltr'><strong>(Char.</strong></span> <span class='ocrx_word' id='word_1_239' title='bbox 1146 2536 1312 2589; x_wconf 72' lang='lat' dir='ltr'><strong>p.140,</strong></span> <span class='ocrx_word' id='word_1_240' title='bbox 1343 2533 1384 2586; x_wconf 89' lang='grc'><strong>5)</strong></span> <span class='ocrx_word' id='word_1_241' title='bbox 1426 2532 1651 2588; x_wconf 88' lang='lat' dir='ltr'><strong>poematis</strong></span> <span class='ocrx_word' id='word_1_242' title='bbox 1691 2531 1849 2587; x_wconf 85' lang='lat' dir='ltr'><strong>refert,</strong></span> <span class='ocrx_word' id='word_1_243' title='bbox 1895 2531 2102 2589; x_wconf 86' lang='lat' dir='ltr'><strong>quamuis</strong></span> 
     </span>
     <span class='ocr_line' id='line_1_31' title="bbox 277 2587 2100 2644; baseline 0.003 -15"><span class='ocrx_word' id='word_1_244' title='bbox 277 2587 398 2630; x_wconf 84' lang='lat' dir='ltr'><strong>ratio</strong></span> <span class='ocrx_word' id='word_1_245' title='bbox 430 2590 719 2644; x_wconf 89' lang='lat' dir='ltr'><strong>poematibus</strong></span> <span class='ocrx_word' id='word_1_246' title='bbox 751 2589 903 2633; x_wconf 89' lang='lat' dir='ltr'><strong>faciat.</strong></span> <span class='ocrx_word' id='word_1_247' title='bbox 974 2604 1080 2633; x_wconf 86' lang='lat' dir='ltr'><strong>uam</strong></span> <span class='ocrx_word' id='word_1_248' title='bbox 1127 2594 1174 2634; x_wconf 92' lang='lat' dir='ltr'><strong>et</strong></span> <span class='ocrx_word' id='word_1_249' title='bbox 1203 2590 1390 2635; x_wconf 87' lang='lat' dir='ltr'><strong>Varro</strong></span> <span class='ocrx_word' id='word_1_250' title='bbox 1443 2591 1506 2634; x_wconf 89' lang='lat' dir='ltr'><strong>sic</strong></span> <span class='ocrx_word' id='word_1_251' title='bbox 1549 2591 1763 2635; x_wconf 86' lang='lat' dir='ltr'><strong>inscribit</strong></span> <span class='ocrx_word' id='word_1_252' title='bbox 1792 2591 1841 2635; x_wconf 89' lang='lat' dir='ltr'><strong>in</strong></span> <span class='ocrx_word' id='word_1_253' title='bbox 1867 2592 1987 2636; x_wconf 88' lang='lat' dir='ltr'><strong>libro</strong></span> <span class='ocrx_word' id='word_1_254' title='bbox 2019 2605 2100 2635; x_wconf 90' lang='lat' dir='ltr'><strong>suo</strong></span> 
     </span>
     <span class='ocr_line' id='line_1_32' title="bbox 279 2645 2103 2707; baseline 0.002 -17"><span class='ocrx_word' id='word_1_255' title='bbox 279 2645 350 2689; x_wconf 89' lang='lat' dir='ltr'><strong>‘de</strong></span> <span class='ocrx_word' id='word_1_256' title='bbox 384 2648 628 2704; x_wconf 84' lang='lat' dir='ltr'><strong>pocmatis&#39;</strong></span> <span class='ocrx_word' id='word_1_257' title='bbox 661 2652 708 2692; x_wconf 92' lang='lat' dir='ltr'><strong>et</strong></span> <span class='ocrx_word' id='word_1_258' title='bbox 737 2649 915 2692; x_wconf 88' lang='lat' dir='ltr'><strong>Annius</strong></span> <span class='ocrx_word' id='word_1_259' title='bbox 952 2648 1118 2693; x_wconf 88' lang='lat' dir='ltr'><strong>Florus</strong></span> <span class='ocrx_word' id='word_1_260' title='bbox 1157 2650 1217 2694; x_wconf 86' lang='lat' dir='ltr'><strong>ad</strong></span> <span class='ocrx_word' id='word_1_261' title='bbox 1261 2650 1415 2694; x_wconf 88' lang='lat' dir='ltr'><strong>diuum</strong></span> <span class='ocrx_word' id='word_1_262' title='bbox 1449 2650 1734 2694; x_wconf 87' lang='lat' dir='ltr'><strong>Hadrianum</strong></span> <span class='ocrx_word' id='word_1_263' title='bbox 1766 2649 2005 2707; x_wconf 86' lang='lat' dir='ltr'><strong>‘poematis</strong></span> <span class='ocrx_word' id='word_1_264' title='bbox 2037 2649 2103 2694; x_wconf 86' lang='lat' dir='ltr'><strong>di-</strong></span> 
     </span>
     <span class='ocr_line' id='line_1_33' title="bbox 278 2705 2100 2770; baseline 0.003 -22"><span class='ocrx_word' id='word_1_265' title='bbox 278 2705 455 2749; x_wconf 87' lang='lat' dir='ltr'><strong>lector’.</strong></span> <span class='ocrx_word' id='word_1_266' title='bbox 527 2707 716 2751; x_wconf 87' lang='lat' dir='ltr'><strong>Plautus</strong></span> <span class='ocrx_word' id='word_1_267' title='bbox 751 2708 934 2752; x_wconf 88' lang='lat' dir='ltr'><strong>schema</strong></span> <span class='ocrx_word' id='word_1_268' title='bbox 974 2723 1059 2765; x_wconf 90' lang='lat' dir='ltr'><strong>pro</strong></span> <span class='ocrx_word' id='word_1_269' title='bbox 1102 2709 1332 2753; x_wconf 87' lang='lat' dir='ltr'><strong>schemate</strong></span> <span class='ocrx_word' id='word_1_270' title='bbox 1364 2709 1483 2752; x_wconf 81' lang='lat' dir='ltr'><strong>dixit</strong></span> <span class='ocrx_word' id='word_1_271' title='bbox 1515 2710 1565 2753; x_wconf 89' lang='lat' dir='ltr'><strong>in</strong></span> <span class='ocrx_word' id='word_1_272' title='bbox 1595 2709 1932 2766; x_wconf 90' lang='lat' dir='ltr'><strong>Amphitruone</strong></span> <span class='ocrx_word' id='word_1_273' title='bbox 1968 2709 2100 2770; x_wconf 82' lang='lat' dir='ltr'><strong>(prol.</strong></span> 
     </span>
     <span class='ocr_line' id='line_1_34' title="bbox 278 2765 2103 2829; baseline 0.001 -19"><span class='ocrx_word' id='word_1_274' title='bbox 278 2767 381 2821; x_wconf 88' lang='lat'>117)</span> <span class='ocrx_word' id='word_1_275' title='bbox 425 2765 526 2810; x_wconf 83' lang='lat' dir='ltr'><strong>‘huc</strong></span> <span class='ocrx_word' id='word_1_276' title='bbox 575 2781 685 2823; x_wconf 85' lang='lat' dir='ltr'><strong>ergo</strong></span> <span class='ocrx_word' id='word_1_277' title='bbox 717 2767 924 2824; x_wconf 88' lang='lat' dir='ltr'><strong>processi</strong></span> <span class='ocrx_word' id='word_1_278' title='bbox 959 2783 1063 2812; x_wconf 90' lang='lat' dir='ltr'><strong>cum</strong></span> <span class='ocrx_word' id='word_1_279' title='bbox 1095 2769 1250 2812; x_wconf 90' lang='lat' dir='ltr'><strong>seruili</strong></span> <span class='ocrx_word' id='word_1_280' title='bbox 1281 2768 1492 2812; x_wconf 85' lang='lat' dir='ltr'><strong>schema&#39;.</strong></span> <span class='ocrx_word' id='word_1_281' title='bbox 1556 2769 1785 2812; x_wconf 89' lang='lat' dir='ltr'><strong>Plinius</strong></span> <span class='ocrx_word' id='word_1_282' title='bbox 1819 2767 2103 2829; x_wconf 82' lang='lat' dir='ltr'><strong>sermonis</strong></span> 
     </span>
     <span class='ocr_line' id='line_1_35' title="bbox 280 2824 902 2870; baseline 0.005 -4"><span class='ocrx_word' id='word_1_283' title='bbox 280 2856 290 2866; x_wconf 94' lang='lat'>.</span> <span class='ocrx_word' id='word_1_284' title='bbox 331 2857 340 2867; x_wconf 93' lang='lat'><strong>.</strong></span> <span class='ocrx_word' id='word_1_285' title='bbox 377 2856 388 2868; x_wconf 86' lang='lat'><strong>.</strong></span> <span class='ocrx_word' id='word_1_286' title='bbox 426 2824 526 2868; x_wconf 87' lang='lat' dir='ltr'><strong>sed</strong></span> <span class='ocrx_word' id='word_1_287' title='bbox 557 2825 902 2870; x_wconf 87' lang='lat' dir='ltr'><strong>schemasin.</strong></span> 
     </span>
    </p>
   </div>
   <div class='ocr_carea' id='block_1_6' title="bbox 277 2903 2099 3083">
    <p class='ocr_par' dir='ltr' id='par_1_6' title="bbox 277 2903 2099 3083">
     <span class='ocr_line' id='line_1_36' title="bbox 442 2903 2099 2964; baseline 0.001 -16"><span class='ocrx_word' id='word_1_288' title='bbox 442 2903 513 2950; x_wconf 89' lang='lat'><strong>23.</strong></span> <span class='ocrx_word' id='word_1_289' title='bbox 547 2903 676 2948; x_wconf 86' lang='lat' dir='ltr'><strong>Char.</strong></span> <span class='ocrx_word' id='word_1_290' title='bbox 710 2921 754 2962; x_wconf 87' lang='lat' dir='ltr'><strong>p.</strong></span> <span class='ocrx_word' id='word_1_291' title='bbox 787 2905 887 2962; x_wconf 87' lang='lat'><strong>131,</strong></span> <span class='ocrx_word' id='word_1_292' title='bbox 915 2905 965 2951; x_wconf 89' lang='lat'><strong>7:</strong></span> <span class='ocrx_word' id='word_1_293' title='bbox 1001 2907 1110 2951; x_wconf 87' lang='lat' dir='ltr'><strong>Git.</strong></span> <span class='ocrx_word' id='word_1_294' title='bbox 1140 2907 1326 2951; x_wconf 91' lang='lat' dir='ltr'><strong>Varro</strong></span> <span class='ocrx_word' id='word_1_295' title='bbox 1361 2941 1370 2952; x_wconf 93' lang='lat'><strong>.</strong></span> <span class='ocrx_word' id='word_1_296' title='bbox 1408 2941 1418 2951; x_wconf 92' lang='lat'><strong>.</strong></span> <span class='ocrx_word' id='word_1_297' title='bbox 1455 2940 1464 2950; x_wconf 92' lang='lat'><strong>.</strong></span> <span class='ocrx_word' id='word_1_298' title='bbox 1498 2907 1893 2952; x_wconf 86' lang='lat' dir='ltr'><strong>conmeminit.</strong></span> <span class='ocrx_word' id='word_1_299' title='bbox 1959 2907 2099 2964; x_wconf 85' lang='lat' dir='ltr'><strong>uolgo</strong></span> 
     </span>
     <span class='ocr_line' id='line_1_37' title="bbox 277 2963 2099 3022; baseline 0.001 -16"><span class='ocrx_word' id='word_1_300' title='bbox 277 2965 430 3007; x_wconf 87' lang='lat' dir='ltr'><strong>autem</strong></span> <span class='ocrx_word' id='word_1_301' title='bbox 460 2963 547 3007; x_wconf 91' lang='lat' dir='ltr'><strong>hoc</strong></span> <span class='ocrx_word' id='word_1_302' title='bbox 579 2964 687 3021; x_wconf 83' lang='lat' dir='ltr'><strong>gitti</strong></span> <span class='ocrx_word' id='word_1_303' title='bbox 715 2965 888 3009; x_wconf 87' lang='lat' dir='ltr'><strong>dicunt.</strong></span> <span class='ocrx_word' id='word_1_304' title='bbox 950 2967 1109 3022; x_wconf 90' lang='lat' dir='ltr'><strong>itaque</strong></span> <span class='ocrx_word' id='word_1_305' title='bbox 1153 2970 1206 3010; x_wconf 89' lang='lat' dir='ltr'><strong>ut</strong></span> <span class='ocrx_word' id='word_1_306' title='bbox 1245 2966 1421 3010; x_wconf 90' lang='lat' dir='ltr'><strong>Plinius</strong></span> <span class='ocrx_word' id='word_1_307' title='bbox 1470 2966 1694 3010; x_wconf 88' lang='lat' dir='ltr'><strong>sermonis</strong></span> <span class='ocrx_word' id='word_1_308' title='bbox 1726 2966 1854 3010; x_wconf 83' lang='lat' dir='ltr'><strong>dubii</strong></span> <span class='ocrx_word' id='word_1_309' title='bbox 1886 2965 2006 3010; x_wconf 89' lang='lat' dir='ltr'><strong>libro</strong></span> <span class='ocrx_word' id='word_1_310' title='bbox 2036 2964 2099 3010; x_wconf 81' lang='lat' dir='ltr'><strong>Vl</strong></span> 
     </span>
     <span class='ocr_line' id='line_1_38' title="bbox 277 3023 1932 3083; baseline 0.001 -17"><span class='ocrx_word' id='word_1_311' title='bbox 277 3037 304 3062; x_wconf 52' lang='grc' dir='ltr'><strong>ἢ</strong></span> <span class='ocrx_word' id='word_1_312' title='bbox 335 3036 363 3061; x_wconf 60' lang='lat'><strong>³⁶</strong></span> <span class='ocrx_word' id='word_1_313' title='bbox 396 3027 452 3079; x_wconf 82' lang='lat' dir='ltr'><strong>cs.</strong></span> <span class='ocrx_word' id='word_1_314' title='bbox 487 3023 681 3080; x_wconf 88' lang='lat' dir='ltr'><strong>Char.p.</strong></span> <span class='ocrx_word' id='word_1_315' title='bbox 701 3023 772 3079; x_wconf 91' lang='lat'><strong>34,</strong></span> <span class='ocrx_word' id='word_1_316' title='bbox 791 3024 863 3069; x_wconf 87' lang='lat'><strong>27.</strong></span> <span class='ocrx_word' id='word_1_317' title='bbox 887 3025 958 3080; x_wconf 82' lang='lat'><strong>35,</strong></span> <span class='ocrx_word' id='word_1_318' title='bbox 977 3025 1048 3069; x_wconf 85' lang='lat'><strong>28.</strong></span> <span class='ocrx_word' id='word_1_319' title='bbox 1081 3040 1179 3070; x_wconf 86' lang='lat' dir='ltr'><strong>exc.</strong></span> <span class='ocrx_word' id='word_1_320' title='bbox 1211 3039 1400 3082; x_wconf 86' lang='lat' dir='ltr'><strong>gramm.</strong></span> <span class='ocrx_word' id='word_1_321' title='bbox 1438 3041 1482 3083; x_wconf 91' lang='lat' dir='ltr'><strong>p.</strong></span> <span class='ocrx_word' id='word_1_322' title='bbox 1503 3025 1605 3080; x_wconf 83' lang='lat'><strong>546,</strong></span> <span class='ocrx_word' id='word_1_323' title='bbox 1630 3025 1700 3069; x_wconf 86' lang='lat'><strong>36.</strong></span> <span class='ocrx_word' id='word_1_324' title='bbox 1734 3026 1836 3082; x_wconf 81' lang='lat'><strong>551,</strong></span> <span class='ocrx_word' id='word_1_325' title='bbox 1864 3025 1932 3070; x_wconf 84' lang='lat'><strong>17.</strong></span> 
     </span>
    </p>
   </div>
   <div class='ocr_carea' id='block_1_7' title="bbox 276 3102 2101 3397">
    <p class='ocr_par' dir='ltr' id='par_1_7' title="bbox 276 3102 2101 3397">
     <span class='ocr_line' id='line_1_39' title="bbox 441 3102 2096 3160; baseline 0.002 -15"><span class='ocrx_word' id='word_1_326' title='bbox 441 3102 513 3146; x_wconf 88' lang='lat'><strong>24.</strong></span> <span class='ocrx_word' id='word_1_327' title='bbox 549 3102 675 3147; x_wconf 87' lang='lat' dir='ltr'><strong>Seru.</strong></span> <span class='ocrx_word' id='word_1_328' title='bbox 710 3103 768 3146; x_wconf 86' lang='lat' dir='ltr'><strong>ad</strong></span> <span class='ocrx_word' id='word_1_329' title='bbox 799 3103 935 3160; x_wconf 90' lang='lat' dir='ltr'><strong>Verg.</strong></span> <span class='ocrx_word' id='word_1_330' title='bbox 961 3105 1075 3148; x_wconf 91' lang='lat' dir='ltr'><strong>Aen.</strong></span> <span class='ocrx_word' id='word_1_331' title='bbox 1097 3104 1264 3150; x_wconf 88' lang='lat' dir='ltr'>V409:</span> <span class='ocrx_word' id='word_1_332' title='bbox 1298 3105 1629 3150; x_wconf 86' lang='lat' dir='ltr'><strong>Secundum</strong></span> <span class='ocrx_word' id='word_1_333' title='bbox 1659 3105 2005 3149; x_wconf 88' lang='lat' dir='ltr'><strong>Varronem.</strong></span> <span class='ocrx_word' id='word_1_334' title='bbox 2044 3137 2053 3148; x_wconf 88' lang='lat'><strong>.</strong></span> <span class='ocrx_word' id='word_1_335' title='bbox 2089 3141 2096 3148; x_wconf 94' lang='lat'><strong>.</strong></span> 
     </span>
     <span class='ocr_line' id='line_1_40' title="bbox 277 3158 2099 3220; baseline 0.003 -18"><span class='ocrx_word' id='word_1_336' title='bbox 277 3158 739 3206; x_wconf 89' lang='lat' dir='ltr'><strong>inminutionem.</strong></span> <span class='ocrx_word' id='word_1_337' title='bbox 789 3161 894 3206; x_wconf 89' lang='lat' dir='ltr'><strong>hinc</strong></span> <span class='ocrx_word' id='word_1_338' title='bbox 926 3167 973 3206; x_wconf 88' lang='lat' dir='ltr'><strong>et</strong></span> <span class='ocrx_word' id='word_1_339' title='bbox 1013 3167 1142 3220; x_wconf 82' lang='lat' dir='ltr'><strong>(Aen.</strong></span> <span class='ocrx_word' id='word_1_340' title='bbox 1177 3168 1237 3208; x_wconf 88' lang='lat' dir='ltr'><strong>VI</strong></span> <span class='ocrx_word' id='word_1_341' title='bbox 1252 3169 1357 3220; x_wconf 80' lang='lat'>304)</span> <span class='ocrx_word' id='word_1_342' title='bbox 1393 3165 1498 3207; x_wconf 89' lang='lat' dir='ltr'><strong>‘iam</strong></span> <span class='ocrx_word' id='word_1_343' title='bbox 1528 3164 1694 3219; x_wconf 85' lang='lat' dir='ltr'><strong>senior,</strong></span> <span class='ocrx_word' id='word_1_344' title='bbox 1727 3164 1808 3208; x_wconf 87' lang='lat' dir='ltr'><strong>sed</strong></span> <span class='ocrx_word' id='word_1_345' title='bbox 1840 3163 1985 3219; x_wconf 77' lang='lat' dir='ltr'><strong>cruda</strong></span> <span class='ocrx_word' id='word_1_346' title='bbox 2013 3163 2099 3208; x_wconf 85' lang='lat' dir='ltr'><strong>deo</strong></span> 
     </span>
     <span class='ocr_line' id='line_1_41' title="bbox 276 3220 2101 3279; baseline 0.002 -17"><span class='ocrx_word' id='word_1_347' title='bbox 276 3220 526 3276; x_wconf 87' lang='lat' dir='ltr'><strong>uiridisque</strong></span> <span class='ocrx_word' id='word_1_348' title='bbox 560 3222 798 3265; x_wconf 88' lang='lat' dir='ltr'><strong>senectus&#39;.</strong></span> <span class='ocrx_word' id='word_1_349' title='bbox 832 3222 1040 3266; x_wconf 86' lang='lat' dir='ltr'><strong>additum</strong></span> <span class='ocrx_word' id='word_1_350' title='bbox 1072 3224 1193 3267; x_wconf 89' lang='lat' dir='ltr'><strong>enim</strong></span> <span class='ocrx_word' id='word_1_351' title='bbox 1222 3223 1311 3268; x_wconf 91' lang='lat' dir='ltr'><strong>hoc</strong></span> <span class='ocrx_word' id='word_1_352' title='bbox 1347 3227 1417 3267; x_wconf 87' lang='lat' dir='ltr'><strong>est</strong></span> <span class='ocrx_word' id='word_1_353' title='bbox 1448 3224 1506 3267; x_wconf 86' lang='lat' dir='ltr'><strong>ad</strong></span> <span class='ocrx_word' id='word_1_354' title='bbox 1538 3223 1884 3279; x_wconf 87' lang='lat' dir='ltr'><strong>exprimendum</strong></span> <span class='ocrx_word' id='word_1_355' title='bbox 1907 3222 2017 3278; x_wconf 88' lang='lat' dir='ltr'><strong>quid</strong></span> <span class='ocrx_word' id='word_1_356' title='bbox 2041 3223 2101 3266; x_wconf 87' lang='lat' dir='ltr'><strong>sit</strong></span> 
     </span>
     <span class='ocr_line' id='line_1_42' title="bbox 281 3279 2099 3338; baseline 0.002 -16"><span class='ocrx_word' id='word_1_357' title='bbox 281 3279 445 3323; x_wconf 85' lang='lat' dir='ltr'><strong>senior.</strong></span> <span class='ocrx_word' id='word_1_358' title='bbox 478 3281 590 3324; x_wconf 90' lang='lat' dir='ltr'><strong>item</strong></span> <span class='ocrx_word' id='word_1_359' title='bbox 622 3279 810 3324; x_wconf 86' lang='lat' dir='ltr'><strong>Ouidius</strong></span> <span class='ocrx_word' id='word_1_360' title='bbox 844 3283 1035 3336; x_wconf 77' lang='lat' dir='ltr'><strong>(metam.</strong></span> <span class='ocrx_word' id='word_1_361' title='bbox 1068 3287 1159 3326; x_wconf 82' lang='lat' dir='ltr'><strong>XII</strong></span> <span class='ocrx_word' id='word_1_362' title='bbox 1174 3284 1282 3338; x_wconf 65' lang='lat'><strong>2164)</strong></span> <span class='ocrx_word' id='word_1_363' title='bbox 1316 3283 1451 3326; x_wconf 84' lang='lat' dir='ltr'><strong>‘inter</strong></span> <span class='ocrx_word' id='word_1_364' title='bbox 1485 3283 1787 3338; x_wconf 90' lang='lat' dir='ltr'><strong>iuuenemque</strong></span> <span class='ocrx_word' id='word_1_365' title='bbox 1823 3281 2099 3337; x_wconf 88' lang='lat' dir='ltr'><strong>senemque&#39;.</strong></span> 
     </span>
     <span class='ocr_line' id='line_1_43' title="bbox 279 3340 2101 3397; baseline 0.001 -15"><span class='ocrx_word' id='word_1_366' title='bbox 279 3341 327 3381; x_wconf 88' lang='lat' dir='ltr'><strong>et</strong></span> <span class='ocrx_word' id='word_1_367' title='bbox 360 3353 410 3382; x_wconf 93' lang='lat' dir='ltr'><strong>re</strong></span> <span class='ocrx_word' id='word_1_368' title='bbox 442 3354 555 3383; x_wconf 89' lang='lat' dir='ltr'><strong>uera</strong></span> <span class='ocrx_word' id='word_1_369' title='bbox 583 3355 677 3384; x_wconf 91' lang='lat' dir='ltr'><strong>non</strong></span> <span class='ocrx_word' id='word_1_370' title='bbox 722 3340 941 3384; x_wconf 87' lang='lat' dir='ltr'><strong>conuenit</strong></span> <span class='ocrx_word' id='word_1_371' title='bbox 985 3341 1106 3385; x_wconf 88' lang='lat' dir='ltr'><strong>hunc</strong></span> <span class='ocrx_word' id='word_1_372' title='bbox 1151 3343 1263 3386; x_wconf 88' lang='lat' dir='ltr'><strong>satis</strong></span> <span class='ocrx_word' id='word_1_373' title='bbox 1308 3355 1464 3386; x_wconf 91' lang='lat' dir='ltr'><strong>senem</strong></span> <span class='ocrx_word' id='word_1_374' title='bbox 1500 3341 1661 3397; x_wconf 84' lang='lat' dir='ltr'><strong>accipi,</strong></span> <span class='ocrx_word' id='word_1_375' title='bbox 1703 3341 1783 3397; x_wconf 85' lang='lat' dir='ltr'><strong>q&#39;ui</strong></span> <span class='ocrx_word' id='word_1_376' title='bbox 1826 3344 1873 3384; x_wconf 84' lang='lat' dir='ltr'><strong>et</strong></span> <span class='ocrx_word' id='word_1_377' title='bbox 1914 3341 2101 3385; x_wconf 86' lang='lat' dir='ltr'><strong>uincere</strong></span> 
     </span>
    </p>
   </div>
   <div class='ocr_carea' id='block_1_8' title="bbox 279 3459 2099 3610">
    <p class='ocr_par' dir='ltr' id='par_1_8' title="bbox 279 3459 2099 3610">
     <span class='ocr_line' id='line_1_44' title="bbox 447 3459 2099 3542; baseline 0.001 -18"><span class='ocrx_word' id='word_1_378' title='bbox 447 3480 470 3524; x_wconf 92' lang='lat'>1</span> <span class='ocrx_word' id='word_1_379' title='bbox 509 3477 700 3541; x_wconf 87' lang='lat' dir='ltr'><strong>plenius</strong></span> <span class='ocrx_word' id='word_1_380' title='bbox 737 3478 798 3527; x_wconf 87' lang='lat' dir='ltr'><em>N</em></span> <span class='ocrx_word' id='word_1_381' title='bbox 824 3471 848 3542; x_wconf 78' lang='lat' dir='ltr'>ss</span> <span class='ocrx_word' id='word_1_382' title='bbox 883 3480 912 3524; x_wconf 84' lang='lat'><strong>2</strong></span> <span class='ocrx_word' id='word_1_383' title='bbox 950 3493 1094 3539; x_wconf 85' lang='lat' dir='ltr'><strong>greco</strong></span> <span class='ocrx_word' id='word_1_384' title='bbox 1133 3493 1275 3539; x_wconf 83' lang='lat' dir='ltr'><strong>grece</strong></span> <span class='ocrx_word' id='word_1_385' title='bbox 1312 3459 1381 3526; x_wconf 61' lang='lat' dir='ltr'><strong>d‘t‘</strong></span> <span class='ocrx_word' id='word_1_386' title='bbox 1386 3478 1446 3527; x_wconf 89' lang='lat' dir='ltr'><strong><em>N</em></strong></span> <span class='ocrx_word' id='word_1_387' title='bbox 1477 3479 1503 3537; x_wconf 83' lang='grc' dir='ltr'><strong>ΙΙ</strong></span> <span class='ocrx_word' id='word_1_388' title='bbox 1528 3480 1557 3525; x_wconf 87' lang='grc'><strong>6</strong></span> <span class='ocrx_word' id='word_1_389' title='bbox 1597 3478 1819 3526; x_wconf 86' lang='lat' dir='ltr'><strong>iuuenior</strong></span> <span class='ocrx_word' id='word_1_390' title='bbox 1855 3482 1904 3526; x_wconf 78' lang='lat' dir='ltr'><strong>et</strong></span> <span class='ocrx_word' id='word_1_391' title='bbox 1937 3479 2099 3527; x_wconf 85' lang='lat' dir='ltr'><strong>senior</strong></span> 
     </span>
     <span class='ocr_line' id='line_1_45' title="bbox 279 3547 1433 3610; baseline -0.002 -12"><span class='ocrx_word' id='word_1_392' title='bbox 279 3548 383 3598; x_wconf 78' lang='lat' dir='ltr'><strong>cod.</strong></span> <span class='ocrx_word' id='word_1_393' title='bbox 420 3547 658 3597; x_wconf 76' lang='lat' dir='ltr'><strong>Laurent.</strong></span> <span class='ocrx_word' id='word_1_394' title='bbox 690 3549 822 3610; x_wconf 74' lang='lat' dir='ltr'><strong>plut.</strong></span> <span class='ocrx_word' id='word_1_395' title='bbox 856 3547 1034 3595; x_wconf 88' lang='lat' dir='ltr'><strong><em>XXII</em></strong></span> <span class='ocrx_word' id='word_1_396' title='bbox 1049 3551 1077 3595; x_wconf 88' lang='lat'><strong>1</strong></span> <span class='ocrx_word' id='word_1_397' title='bbox 1111 3548 1383 3609; x_wconf 70' lang='lat' dir='ltr'><strong>Hambury.</strong></span> <span class='ocrx_word' id='word_1_398' title='bbox 1409 3549 1433 3605; x_wconf 93' lang='grc' dir='ltr'><strong>ΙΙ</strong></span> 
     </span>
    </p>
   </div>
  </div>
 </body>
</html>
