2294 4062
980 309 1043 355 33

97 455 169 509 cf.
218 453 382 509 Char.
420 453 504 521 89,
534 453 600 505 14
634 453 699 505 cl.
733 473 783 525 p.
804 452 925 522 548,
947 453 990 503 1.
1029 453 1292 506 Priscian.
1319 453 1348 506 I
1374 472 1424 524 p.
1442 454 1561 521 249,
1582 455 1630 508 9.
1723 453 1924 507 Contra

94 563 251 599 usum
307 551 645 597 constantem
698 543 788 612 (cf.
824 543 1063 611 Bentley
1112 543 1179 595 ad
1221 543 1346 596 Ter.
1388 543 1536 597 And.
1573 545 1700 612 111,
1720 546 1808 610 20)
1871 554 1923 597 et

93 634 269 688 Lucili
324 634 647 687 sententiam
699 633 790 700 (cf.
826 633 950 686 Vel.
996 632 1172 702 Long.
1225 653 1277 704 p.
1298 633 1451 686 2229.
1508 633 1570 688 C.
1612 635 1926 687 Lachmann

93 724 164 779 ad
182 724 347 780 Lucr.
370 745 422 797 p.
442 725 569 792 329)
607 723 926 795 genetiuum
965 723 1357 776 uocabulorum
1395 724 1501 776 -ius
1544 733 1596 776 et
1633 724 1923 779 -iumfini-

95 822 275 869 torum
311 815 512 887 duplici
538 816 569 869 I
608 814 847 867 scribere
879 813 1053 866 uoluit
1090 813 1179 883 (fr.
1205 814 1314 883 17),
1348 833 1418 867 ne
1455 822 1642 868 contra
1678 817 1925 886 regulam

97 906 275 960 minor
327 903 658 958 nominatiuo
716 904 888 972 fieret,
942 903 1195 974 idemque
1249 904 1513 957 rationem
1569 905 1626 957 in
1663 906 1926 958 vocatiuis

97 996 372 1068 postulare
410 994 563 1062 dixit,
598 995 693 1047 sed
729 994 976 1047 utilitatis
1021 994 1115 1059 (cf.
1154 993 1305 1047 VIII
1325 994 1390 1046 10
1411 995 1585 1064 p.424
1601 999 1704 1064 sq.)
1750 1016 1926 1064 causa,

96 1094 156 1140 ut
205 1104 358 1138 casus
413 1085 878 1151 discernerentur,
935 1084 1080 1136 hunc
1128 1103 1236 1137 uno
1281 1085 1309 1137 I
1356 1086 1591 1156 proferri
1647 1087 1740 1155 (cf.
1778 1086 1924 1141 Gell.

95 1176 248 1232 XIII
265 1175 441 1244 26,1).
513 1175 600 1227 De
646 1174 886 1226 ablatiuo
929 1174 1194 1242 singulari
1238 1177 1431 1227 tertiae
1481 1176 1858 1230 declinationis
1896 1179 1926 1231 I

94 1273 188 1321 aut
221 1266 268 1320 E
306 1264 548 1318 finiendo
583 1283 695 1319 non
742 1283 943 1336 paucas
991 1265 1211 1334 regulas
1255 1265 1481 1319 dederat
1519 1266 1580 1319 O.
1621 1265 1822 1320 Caesar
1872 1269 1929 1320 in

94 1357 236 1413 libro
274 1355 510 1409 secundo
551 1355 620 1408 de
657 1355 925 1426 analogia,
981 1373 1086 1424 quo
1127 1373 1291 1426 opere
1342 1376 1372 1408 a
1408 1356 1585 1410 Plinio
1636 1357 1929 1427 diligenter

96 1447 335 1502 adhibito
373 1465 502 1500 num
538 1445 716 1499 Varro
754 1464 882 1499 usus
923 1446 1008 1513 sit,
1047 1446 1290 1515 quamuis
1325 1447 1487 1499 ualde
1524 1449 1805 1518 probabile
1845 1449 1929 1517 sit,

98 1546 247 1593 certo
287 1537 394 1592 dici
431 1537 638 1608 nequit.
678 1536 861 1589 statuit
897 1537 1043 1589 enim
1085 1537 1374 1607 (Nipperd.
1409 1556 1460 1608 p.
1483 1538 1606 1606 756)
1646 1547 1837 1591 neutra
1873 1540 1929 1592 in

96 1630 144 1684 E
183 1628 371 1699 (Char.
401 1649 452 1701 p.
477 1629 591 1697 122,
620 1627 708 1696 13)
747 1627 794 1680 L
834 1626 1020 1697 (Char.
1048 1648 1100 1699 p.
1125 1628 1312 1697 119,5)
1349 1629 1453 1682 AR
1493 1628 1680 1697 (Char.
1704 1630 1819 1700 122,
1848 1631 1929 1684 16.

99 1721 217 1788 133,
243 1720 330 1787 18)
367 1719 707 1772 terminantia
752 1726 969 1790 praeter
1019 1719 1173 1772 iubar
1225 1719 1305 1788 (et
1342 1721 1738 1790 monosyllaba)
1785 1722 1930 1774 abla-

97 1812 210 1865 tiuo
252 1811 370 1864 in'I
422 1809 752 1882 proferenda
799 1827 934 1863 esse.
993 1810 1236 1862 eiusdem
1279 1810 1345 1862 de
1387 1811 1580 1863 eodem
1616 1811 1645 1864 I
1681 1813 1929 1865 obserua-

97 1902 303 1956 tionem
339 1900 568 1970 Plinius,
607 1900 691 1953 cui
717 1901 814 1953 illa
850 1919 1065 1972 quoque
1098 1901 1374 1969 debemUS,
1411 1903 1686 1974 respicere
1714 1903 1933 1955 uidetur

93 1994 218 2047 loco
271 2014 302 2045 a
349 1991 592 2045 Romano
642 1992 734 2045 uel
776 1990 1024 2045 Charisio
1066 1991 1179 2061 <18)
1238 2000 1349 2044 tam
1399 1994 1539 2045 male
1593 2001 1646 2045 et
1691 1993 1932 2046 breuiter

97 2090 392 2151 contracte,
443 2090 504 2136 ut
554 2081 804 2137 Caesaris
853 2090 1208 2154 praeceptum
1257 2083 1325 2135 ad
1370 2083 1515 2152 quod
1565 2083 1708 2136 Plini
1760 2085 1929 2136 uerba

97 2173 388 2229 referenda
426 2180 552 2227 sunt
594 2173 649 2225 in
687 2174 793 2226 fine
830 2172 1097 2225 lemmatis
1138 2181 1190 2225 et
1226 2173 1451 2246 insuper
1491 2173 1686 2226 misere
1723 2176 1930 2228 mutila-

97 2274 212 2318 tum
258 2265 490 2335 legatur.
569 2263 1005 2317 obseruationem
1055 2264 1223 2334 igitur
1274 2262 1519 2318 Caesaris
1574 2264 1640 2317 de
1695 2266 1929 2318 ablatiuo

98 2372 287 2409 eorum
338 2355 728 2408 uocabulorum
771 2373 905 2426 quae
955 2355 1189 2407 similem
1234 2355 1564 2408 nominatiuo
1614 2356 1930 2426 genetiuum

99 2445 337 2500 habeant
371 2453 424 2498 et
461 2463 597 2514 quae
638 2444 1002 2498 accusatiuum
1039 2444 1095 2497 in
1135 2445 1230 2497 -im
1264 2435 1463 2499 faciant
1497 2447 1589 2514 (cf.
1626 2444 1932 2499 Charisium

101 2555 154 2607 p.
184 2535 271 2604 47,
303 2537 370 2589 14
419 2556 450 2588 a
489 2535 673 2590 Keilio
714 2537 853 2588 bene
903 2534 1196 2602 conlatum)
1253 2537 1500 2606 antiquos
1546 2536 1827 2589 damnasse
1876 2535 1932 2588 id

105 2634 184 2679 est
227 2626 500 2698 loquendo
550 2625 860 2697 neglexisse
904 2625 1106 2679 Plinius
1159 2625 1307 2695 dicit,
1364 2647 1497 2699 quos
1536 2627 1714 2679 Varro
1752 2645 1932 2697 repre-

101 2717 370 2786 henderit,
400 2718 497 2771 sed
531 2718 742 2788 iniuria,
779 2738 904 2771 nam
942 2719 999 2771 in
1024 2717 1347 2787 quibusdam
1375 2726 1527 2771 recte
1558 2719 1766 2771 locutos
1796 2735 1933 2785 esse,

101 2816 161 2861 ut
214 2807 330 2879 ipso
383 2815 519 2862 teste
572 2808 662 2861 ‘ab
716 2809 819 2861 hoc
878 2807 1052 2862 canali
1105 2808 1192 2862 siti
1258 2807 1390 2860 tussi
1452 2807 1612 2861 febri’
1679 2807 1933 2861 dixerint.

102 2897 278 2952 Varro
323 2906 518 2966 autem,
557 2917 677 2968 quo‘
704 2907 757 2951 et
797 2899 1049 2971 exempla
1091 2898 1180 2967 (ab
1225 2899 1327 2951 hoc
1368 2917 1501 2952 cane
1527 2900 1657 2951 orbe
1697 2899 1928 2950 carbone

103 2997 253 3044 turre
308 2990 451 3044 falce
502 2991 631 3061 igne
686 2998 839 3044 ueste
894 2990 1003 3043 fine
1059 2997 1243 3043 monte
1300 2991 1450 3042 fonte
1502 2998 1667 3062 ponte
1725 2989 1933 3060 strigile

102 3089 288 3153 tegete
326 3100 427 3135 aue
463 3099 581 3135 asse
621 3100 724 3138 axe
750 3099 888 3135 naue
913 3082 1110 3150 classe)
1143 3102 1172 3134 a
1192 3081 1371 3134 Plinio
1401 3082 1450 3133 ei
1481 3081 1727 3151 opposita
1746 3080 1934 3152 ipsius-

105 3189 210 3242 que
238 3173 409 3226 uerba
444 3172 479 3225 l.
507 3173 542 3226 l.
564 3172 736 3226 VIIII
759 3171 856 3224 112
876 3190 928 3243 p.
950 3171 1053 3225 539
1089 3172 1199 3243 ‘qui
1239 3172 1369 3223 dicit
1401 3172 1504 3224 hoc
1537 3170 1705 3224 monti
1745 3177 1798 3221 et
1834 3170 1933 3222 hoc

107 3263 259 3333 fonti,
307 3283 430 3318 cum
484 3264 572 3318 alii
613 3264 800 3316 dicunt
848 3264 953 3316 hoc
1002 3270 1184 3316 monte
1232 3270 1285 3315 et
1334 3263 1438 3314 hoc
1482 3263 1647 3330 fonte,
1700 3261 1775 3313 sic
1834 3259 1936 3312 alia

109 3371 243 3422 quae
282 3354 492 3408 duobus
530 3355 702 3408 modis
743 3342 1012 3423 dicuntur,
1067 3373 1189 3406 cum
1225 3354 1455 3406 alterum
1498 3353 1566 3404 sit
1605 3368 1814 3417 uerum,
1865 3350 1935 3401 al-

113 3449 293 3501 terum-
319 3445 534 3516 falsum,
581 3465 692 3500 non
728 3453 850 3498 uter
893 3452 1085 3515 peccat
1126 3444 1269 3498 tollit
1324 3442 1615 3512 analogiaS‚
1673 3442 1769 3494 sed
1817 3448 1938 3492 uter

7 3525 21 3535 ⁹*
109 3541 258 3601 recte
295 3533 440 3605 dicit,
479 3536 770 3590 confirmat‘
815 3535 1016 3588 ducere
1043 3535 1317 3603 uidentur,
1352 3525 1629 3605 praecepit
1669 3538 1729 3583 ut
1761 3529 1938 3583 omnia

1608 3626 1636 3668 3
