2236 4030
1205 277 1269 322 24

325 420 545 472 malium
583 421 823 473 uocibus,
891 422 1018 473 talia
1057 423 1225 474 uerba
1271 430 1413 487 quasi
1458 410 1700 476 cunabula
1735 431 1996 478 uerborum
2031 444 2146 488 esse,

323 509 462 562 dixit
498 518 553 562 ut
585 529 754 563 seusus
790 530 957 564 rerum
994 531 1099 564 cum
1131 533 1360 566 sonorum
1380 532 1524 566 seusu
1547 519 1875 567 concordaret.
1911 513 1969 565 in
1984 514 2146 576 rebus

323 617 458 670 quae
493 618 603 651 non
645 609 836 653 sonant
868 602 1165 655 similitudo
1200 610 1372 655 tactus
1394 603 1554 669 ualet,
1589 609 1648 655 ut
1668 603 1792 656 lene
1811 604 1994 661 lenem
2013 598 2149 658 crux

321 708 573 761 asperum
613 710 803 744 sonum
842 694 1021 746 habet.
1067 694 1196 747 inde
1234 694 1301 745 ad
1338 713 1520 746 rerum
1570 694 1982 749 similitudinem·
2024 713 2146 766 pro-

320 781 685 849 grediendum
725 800 842 834 esse
879 783 1101 851 putauit,
1145 783 1343 835 deinde
1380 783 1448 835 ad
1485 768 1837 836 uicinitatem'
1865 784 2147 856 quandam,

321 872 468 924 euius
519 873 717 925 multos
764 874 952 925 modos
995 874 1348 942 enumerauit,
1403 875 1522 926 fieri
1567 892 1667 944 per
1714 873 2058 937 efficientiam
2097 883 2150 927 et

321 961 593 1027 effectum,
632 979 731 1032 per
768 961 824 1012 id
858 961 1001 1029 quod
1037 961 1278 1013 continet
1305 970 1356 1013 et
1382 961 1705 1030 continetur,
1740 981 1774 1018 ,a
1798 969 1953 1032 parte
1975 970 2149 1015 totum

324 1059 376 1104 et
413 1071 442 1103 a
479 1059 592 1103 toto
632 1059 858 1122 partem,
893 1051 1054 1103 immo
1075 1069 1174 1121 per
1196 1052 1527 1104 abusionem.
1566 1059 1840 1123 postrema
1869 1051 2006 1114 ratio
2028 1069 2148 1122 pro-

320 1161 542 1212 gressus
581 1140 650 1192 ad
688 1140 1015 1193 contrarium
1065 1149 1162 1209 est,
1202 1142 1298 1194 sed
1338 1142 1476 1193 hanc
1514 1140 1790 1194 adamasse
1823 1140 2000 1205 Varro
2039 1160 2150 1194 non

318 1229 551 1281 uidetur.
622 1230 1017 1300 permultorum
1069 1247 1201 1290 uero
1259 1231 1549 1282 uerborum
1607 1230 1879 1300 originem
1902 1229 2148 1289 „ostendi

318 1338 428 1372 non
466 1338 624 1391 posse
665 1320 841 1373 Varro
882 1319 1165 1387 concessit,
1218 1327 1277 1372 ut
1313 1320 1655 1390 Augustinus
1685 1319 1762 1373 ‚in
1806 1319 1893 1373 his
1933 1336 2148 1390 quoque

321 1427 442 1462 eum
480 1417 753 1478 sequatur,
791 1410 934 1478 quod
973 1428 1095 1461 eum
1131 1410 1462 1462 concessisse
1501 1417 1554 1460 et
1586 1404 1795 1462 mediae
1822 1409 1960 1476 uiae,
1988 1428 2150 1481 quam

318 1500 374 1552 in
414 1501 553 1552 libro
595 1499 802 1552 decimo
845 1498 1030 1568 elegit,
1074 1499 1384 1568 exemplum
1410 1499 1499 1564 (79
1517 1517 1571 1569 p.
1594 1499 1750 1569 588),
1779 1507 1832 1552 et
1860 1518 1970 1553 non
1989 1500 2147 1572 pauci

320 1590 428 1642 loci
466 1590 729 1641 librorum
773 1590 1266 1661 etymologicorum
1305 1590 1517 1643 docent.
1573 1591 1790 1645 Deinde
1829 1590 1898 1644 ad
1934 1590 2151 1662 singula

321 1682 544 1735 crimina
592 1699 714 1733 eum
751 1679 1025 1732 transiisse
1077 1687 1347 1750 postrema
1386 1680 1684 1751 Augustini
1721 1681 1923 1739 ,uerba
1955 1679 2148 1740 confir-

323 1778 488 1838 mant,
527 1770 710 1838 ibique
750 1769 1048 1840 redarguit,
1090 1786 1226 1838 quae
1265 1769 1322 1820 in
1358 1769 1497 1822 libro
1537 1768 1835 1843 praemisso.
1876 1778 2148 1840 posuerat,

326 1860 473 1913 cuius
511 1860 888 1930 disputationis
925 1861 1154 1913 frustula
1192 1861 1458 1930 quaedam
1491 1860 1645 1914 initio
1671 1861 2042 1934 libsizssssptimi
2067 1879 2149 1915 re—

321 1959 559 2005 currunt.
597 1952 694 2004 sed
736 1952 825 2004 liic
868 1970 1081 2021 quoque
1113 1959 1172 2004 ut
1209 1952 1265 2004 in
1306 1953 1673 2006 controuersia
1705 1952 1772 2004 de
1808 1951 2071 2022 analogia,
2097 1958 2151 2003 et

321 2042 585 2095 anomalia
622 2059 732 2095 non
769 2042 827 2093 in
862 2041 1224 2111 sophistarum
1262 2061 1480 2095 morem.
1504 2061 1649 2107 nunc
1670 2042 1812 2107 hane
1831 2041 2147 2109 nundinam

322 2149 534 2183 causam
564 2130 876 2183 defendisse
914 2130 1215 2183 censendus
1255 2138 1350 2198 est,
1390 2130 1485 2183 sed
1524 2130 2145 2201 duobuspartzi-buscon-

322 2223 520 2276 stitutis
568 2221 719 2290 quasi
768 2220 972 2273 arbiter
1021 2220 1165 2273 inter
1215 2206 1412 2274 stoicos
1466 2239 1773 2290 eorumque„
1802 2214 2148 2283 aduersarios

321 2332 440 2366 esse
475 2313 665 2366 uoluit.
1868 2366 1885 2374 ..
1944 2373 1948 2378 ,

487 2403 653 2458 Suam
681 2402 914 2474 denique
944 2402 1265 2454 sententiam
1291 2402 1356 2454 in
1392 2402 1572 2456 libro
1612 2402 1813 2456 tertio
1840 2401 2150 2474 explicauit,

322 2494 728 2564 etymologiam,
765 2501 822 2545 ut
861 2512 929 2545 ex
966 2493 1117 2546 libris
1156 2493 1506 2564 sequentibus
1540 2493 1728 2546 uidere
1766 2492 1912 2561 lieet,
1966 2492 2147 2552 multis

321 2585 539 2656 quidem
576 2584 983 2638 difficultatibus
1030 2593 1082 2636 et
1121 2584 1530 2655 exceptionibus
1567 2584 1879 2655 inpeditam,
1927 2584 2023 2638 sed
2065 2604 2148 2638 ar—

319 2684 427 2727 tem
470 2693 587 2728 esse
631 2693 767 2743 quae
807 2675 964 2727 certis
1003 2676 1218 2745 legibus
1269 2683 1321 2727 et
1359 2675 1662 2746 praeceptis
1706 2676 1986 2729 niteretur.
2038 2675 2145 2728 huc

317 2766 486 2837 igitur
522 2765 798 2835 pertinent
833 2766 967 2817 haec
1009 2765 1083 2831 (V
1109 2767 1140 2818 6
1175 2786 1226 2836 p.
1253 2766 1371 2835 17):
1428 2774 1482 2819 stu
1528 2772 1871 2820 cousuetudine
1912 2774 2148 2821 communi

318 2866 432 2923 quot
479 2861 634 2909 modis
685 2860 938 2907 literarum
989 2861 1277 2908 conmutatio
1325 2862 1390 2907 sit
1430 2860 1564 2918 facta
1611 2861 1692 2920 qui
1728 2861 2145 2918 animaduerterit,

311 2953 511 3013 facilius
545 2953 760 2999 scrutari
796 2951 1007 3012 oriyiues
1041 2951 1260 3010 patietur
1300 2951 1573 3007 uerborum,
1629 2952 1841 3009 reperiet
1876 2951 2004 3006 euim
2049 2964 2148 3003 esse

318 3046 604 3100 conmutata,
642 3045 696 3089 ut
726 3043 779 3089 iu
813 3042 1150 3101 superioribus
1185 3041 1323 3088 libris
1355 3040 1556 3098 ostendi,
1594 3042 1799 3091 maxime
1830 3043 2041 3101 propter
2077 3041 2149 3089 bis

317 3137 583 3195 quaternas
607 3147 796 3181 causas.
835 3133 1088 3179 literarum
1123 3133 1250 3179 cutm
1281 3131 1340 3188 fit
1376 3131 1646 3190 demptione
1678 3133 1764 3179 aut
1800 3129 2063 3193 additione,
2104 3132 2150 3177 et

310 3225 520 3282 propter
555 3235 726 3269 earum
763 3220 1114 3268 adtracliouem
1143 3223 1229 3267 aut
1265 3221 1675 3276 conmutationem,
1714 3220 1827 3267 item
1844 3218 2146 3286 syllabarum

309 3311 634 3369 productione
667 3345 677 3356 .
711 3344 720 3354 .
762 3346 771 3356 .
815 3344 824 3353 .
866 3346 874 3355 .
913 3302 1030 3355 loco
1070 3302 1125 3354 in
1167 3302 1352 3354 codice
1393 3301 1466 3354 ita
1502 3301 1762 3363 mutilato
1788 3317 1860 3352 ex
1895 3306 2048 3372 parte
2074 3299 2141 3377 Ο.

316 3394 548 3447 Mueller
602 3392 882 3461 succurrit,
941 3391 1029 3463 qui
1073 3398 1221 3444 recte
1278 3392 1645 3453 membrorum
1697 3382 2134 3464 aequabilitatem

317 3492 547 3552 secutus,
585 3493 668 3538 aut
706 3491 1007 3549 correptione
1053 3482 1244 3536 additit
1297 3490 1350 3535 et
1402 3483 1648 3534 lacunam
1697 3481 2133 3552 homoeoteleuto
