2314 4056
1193 345 1289 391 196

330 489 501 543 diuisa
534 490 592 542 in
625 488 770 542 arsin
794 494 848 540 et
865 487 1061 555 thesin,
1087 487 1177 540 uel
1210 495 1423 557 tempus
1462 504 1566 557 quo
1603 490 1842 558 syllabas
1874 491 2145 544 metimur.

326 579 492 632 latine
532 596 787 632 numerus
826 578 1039 631 dicitur.

242 736 328 786 65*
466 729 703 783 Metrum
749 736 830 781 est
882 728 1201 800 compositio
1250 729 1452 800 pedum
1495 719 1564 781 ad
1613 735 1820 782 certum
1853 730 2017 789 finem
2055 730 2143 783 de-

331 818 491 872 ducta
527 819 620 871 uel
658 818 946 887 rhythmus
982 817 1155 870 modis
1192 818 1391 872 finituS.

243 973 299 1024 66
470 967 731 1020 Alienum
767 966 966 1038 pedem
1001 973 1173 1019 metra
1221 966 1328 1019 nisi
1378 966 1642 1038 recipiant
1693 966 1883 1021 modus
1921 985 2032 1021 non
2070 968 2192 1026 fa-5

328 1057 432 1110 cile
469 1058 653 1111 finitur
692 1063 746 1109 et
783 1057 954 1127 magis
993 1056 1281 1127 rhythmus
1320 1066 1402 1112 est
1437 1076 1597 1128 quam
1618 1066 1848 1111 metron.
1889 1065 1942 1110 et
1965 1057 2144 1112 Varro

327 1237 532 1280 quamur,
564 1222 848 1267 commodius
877 1222 1050 1266 utimur
1081 1223 1270 1279 graecis.
1341 1222 1471 1266 uides
1515 1226 1670 1266 tamen
1706 1226 1759 1266 ut
1800 1222 1978 1279 opinor,
2010 1236 2145 1279 quam

328 1288 456 1327 recte
486 1287 733 1338 utrumque
765 1295 934 1325 nomen
969 1282 1041 1324 his
1074 1283 1213 1325 rebus
1246 1282 1307 1325 sit
1337 1281 1616 1338 impositum,
1646 1295 1753 1325 nam
1787 1282 2003 1338 quoniam
2031 1282 2150 1326 illud

326 1342 522 1398 pedibus
566 1341 705 1385 certis
747 1339 1041 1397 prouoluitur
1069 1344 1382 1396 peccaturque
1419 1341 1468 1383 in
1510 1355 1564 1384 eo
1601 1339 1639 1383 si
1667 1339 1806 1396 pedes
1837 1340 2014 1383 dissoni
2042 1341 2148 1384 mis-

329 1405 535 1454 ceantur,
565 1404 692 1443 recte
723 1400 980 1456 appellatus
1013 1403 1084 1442 est
1112 1399 1353 1455 rhythmus
1387 1400 1436 1442 id
1468 1403 1540 1442 est
1568 1413 1799 1453 numerus,
1821 1399 1904 1442 sed
1921 1399 2028 1454 quia
2049 1398 2150 1456 ipsa

326 1459 593 1516 prouolutio
625 1473 719 1502 non
752 1459 894 1501 habet
925 1458 1127 1511 modum,
1160 1472 1246 1501 nec
1277 1461 1503 1501 statutum
1541 1461 1613 1501 est
1642 1457 1691 1501 in
1723 1461 1864 1513 quoto
1895 1457 2013 1514 pede
2043 1456 2148 1502 finis

329 1519 493 1574 aliquis
526 1518 737 1572 emineat,
770 1520 965 1574 propter
994 1517 1168 1560 nullam
1198 1531 1460 1560 mensuram
1491 1516 1848 1560 continuationis
1876 1531 1970 1560 non
1988 1515 2151 1560 debuit

331 1584 531 1621 metrum
562 1577 735 1620 uocari.
795 1575 883 1619 hoc
914 1578 1065 1619 autem
1095 1579 1342 1631 utrumque
1373 1576 1527 1630 habet,
1570 1589 1676 1618 nam
1707 1578 1754 1618 et
1783 1574 1922 1618 certis
1952 1574 2148 1631 pedibus

330 1637 477 1680 currit
507 1639 555 1678 et
587 1638 718 1678 certo
746 1635 1023 1677 terminatur
1052 1635 1203 1678 modo.
1235 1634 1391 1689 itaque
1421 1649 1516 1677 non
1548 1634 1694 1677 solum
1725 1636 1924 1676 metrum
1956 1637 2150 1690 propter

332 1694 561 1750 insignem
590 1692 741 1749 finem,
777 1693 858 1736 sed
890 1693 1029 1736 etiam
1056 1693 1296 1748 rhythmus
1327 1696 1398 1736 est
1422 1696 1615 1748 propter
1639 1691 1809 1749 pedum
1827 1691 2150 1736 rationabilem

333 1753 679 1798 connexionem.
744 1751 961 1807 quocirca
1001 1766 1135 1795 omne
1165 1755 1368 1795 metrum
1400 1751 1652 1806 rhythmuS‚
1693 1765 1788 1794 non
1818 1750 1965 1794 omnis
1991 1748 2150 1808 rhyth-

330 1826 431 1854 mus
464 1811 605 1854 etiam
633 1813 834 1854 metrum
866 1812 951 1853 est.
1011 1810 1067 1854 (le
1099 1811 1198 1854 ord.
1234 1809 1366 1865 1114,
1384 1810 1453 1854 40.
1486 1810 1567 1866 Ip.
1585 1809 1693 1853 417:
1719 1808 1844 1864 quod
1872 1813 2027 1867 autem
2053 1823 2149 1854 non

333 1874 459 1914 esset
484 1873 610 1913 certo
641 1868 733 1912 fine
768 1868 1072 1923 moderat-um,
1103 1869 1186 1912 sed
1218 1872 1375 1912 tamen
1410 1868 1750 1912 rationabiliter
1770 1867 1992 1911 ordinatis
2020 1867 2151 1925 *pedi-

329 1930 417 1973 bus
450 1931 674 1982 curreret,
705 1927 908 1984 rhythmi
935 1928 1119 1971 nomine
1150 1928 1333 1971 notauit
1367 1927 1533 1983 (ratio),
1570 1927 1649 1983 qui
1688 1926 1831 1970 latine
1871 1926 1986 1970 nihil
2026 1925 2151 1971 ahud

335 2002 472 2044 quam
513 2001 728 2031 numerus
773 1986 866 2030 dici
908 1986 1077 2043 potuit.
1139 1991 1196 2043 cf.
1228 1986 1338 2030 Atil.
1357 1985 1550 2030 Fortun.
1581 2001 1625 2042 p.
1642 1985 1758 2029 2689
1774 1985 1824 2030 P.
1855 1983 1942 2029 337
1960 1985 2012 2029 Gn
2070 1984 2152 2028 Isi-

332 2046 432 2090 dor.
466 2046 580 2103 orig.
613 2046 635 2089 I
664 2045 735 2099 38,
769 2045 818 2089 3:
851 2046 1007 2089 uersui
1035 2045 1255 2089 adhaeret
1284 2045 1538 2101 rhythmus,
1574 2043 1652 2100 qui
1683 2058 1778 2087 non
1809 2046 1880 2088 est
1908 2046 2034 2089 certo
2059 2042 2151 2087 fine

334 2106 617 2160 moderat-us,
651 2104 732 2148 sed
765 2108 923 2148 tamen
955 2104 1246 2148 rationaliter
1284 2104 1507 2147 ordinatis
1538 2103 1732 2159 pedibus
1773 2102 1934 2158 currit,
1978 2102 2060 2158 qui
2087 2102 2152 2145 la-

330 2165 428 2208 tine
460 2164 576 2207 nihil
614 2163 741 2207 aliud
780 2178 917 2219 quam
946 2178 1161 2207 numerus
1193 2163 1376 2208 dicitur.
1438 2162 1591 2218 Quint.
1603 2160 1733 2205 V1111
1761 2161 1804 2216 4,
1832 2161 1914 2205 55:
1947 2158 2152 2216 rhythmi

331 2238 481 2279 neque
511 2221 651 2266 finem
683 2222 856 2266 habent
889 2227 1069 2266 certum
1099 2237 1185 2266 nec
1222 2222 1364 2266 ullam
1401 2221 1451 2264 in
1490 2223 1713 2265 contextu
1741 2220 2031 2275 uarietatem,
2070 2218 2153 2265 sed

332 2297 422 2339 qua
451 2284 704 2338 coeperunt
738 2281 998 2325 sublatione
1030 2296 1083 2325 ac
1114 2281 1348 2338 positione
1383 2280 1442 2324 ad
1470 2279 1608 2323 finem
1636 2293 1782 2335 usque
1817 2278 2082 2325 decurrunt.

498 2361 593 2405 65*.
652 2360 768 2404 Mar.
797 2360 919 2405 Vict.
950 2360 972 2403 I
1002 2360 1073 2415 12,
1104 2359 1129 2403 1
1170 2375 1214 2416 p.
1232 2359 1350 2403 2493
1374 2360 1448 2403 P.:
1487 2359 1733 2403 Metrum
1766 2393 1776 2402 .
1811 2392 1820 2402 .
1854 2393 1863 2402 .
1897 2357 2152 2403 deducta

332 2436 414 2465 seu
443 2420 699 2464 dictionum
728 2420 961 2476 quantitas
1004 2422 1051 2462 et
1083 2420 1278 2475 qualitas
1313 2419 1512 2476 pedibus
1543 2418 1806 2472 terminata,
1848 2417 1945 2461 uel
1976 2434 1987 2460 .
2019 2450 2028 2460 .
2055 2452 2064 2461 .
2092 2417 2152 2461 fi-

331 2480 504 2523 nitus
565 2480 714 2523 Diom.
749 2478 985 2535 p.474‚2:
1026 2483 1227 2521 metrum
1261 2482 1333 2521 est
1373 2477 1631 2534 conpositio
1673 2478 1843 2533 pedum
1873 2475 2032 2520 ordine
2063 2480 2153 2519 sta·

333 2543 435 2582 tuto
462 2539 712 2582 decurrens
741 2538 928 2581 modum
959 2537 1203 2593 positionis
1232 2537 1595 2592 sublationisque
1625 2549 1917 2580 conseruans.
1960 2539 2019 2591 cf.
2050 2537 2152 2578 Au·—

329 2602 500 2655 yuslim‘
531 2601 668 2640 uerba
701 2599 758 2640 ad
787 2598 964 2653 [ηδ-μ.
1023 2595 1186 2639 Isidor.
1225 2596 1341 2652 orig.
1372 2596 1394 2638 I
1425 2595 1496 2649 38,
1532 2595 1579 2638 1:
1624 2598 1774 2638 metra
1810 2596 2000 2646 uocata,
2048 2593 2155 2650 quia

331 2657 469 2700 certis
499 2656 669 2712 pedum
697 2655 928 2699 mensuris
961 2658 1099 2710 atque
1131 2655 1291 2711 spatiis
1323 2654 1645 2708 terminantur,
1664 2668 1814 2710 neque
1830 2653 1954 2696 ultra
1979 2652 2152 2696 dimen-

332 2716 506 2758 sionem
551 2718 813 2771 temporum
859 2714 1167 2758 constitutam
1212 2713 1485 2769 procedunt.
1559 2727 1775 2756 mensura
1820 2711 1943 2755 enim
1987 2723 2152 2767 graece

329 2778 500 2831 μέτρον
531 2773 716 2816 dicitur.
766 2778 820 2829 cf.
854 2775 961 2816 Atil.
997 2776 1178 2816 Fortun.
1213 2776 1240 2815 l.
1277 2790 1311 2815 s.
1345 2790 1383 2815 s.
1968 2795 1972 2797 -

497 2852 568 2895 66.
630 2851 780 2895 Diom.
811 2867 855 2908 p.
874 2852 977 2905 512,
1010 2851 1090 2899 37:
1130 2851 1386 2895 alienum
1417 2852 1573 2893 autem
1602 2848 1806 2905 pedem
1840 2881 1850 2891 .
1883 2881 1893 2892 .
1932 2880 1941 2891 .
1975 2850 2033 2892 et
2063 2861 2150 2892 re-

332 2909 536 2968 gulam.
601 2909 716 2953 Mar.
751 2910 874 2955 Vict.
908 2910 930 2952 Ι
961 2910 1031 2966 10,
1062 2910 1090 2953 3
1124 2925 1169 2966 p.
1189 2909 1307 2953 2484
1322 2909 1396 2952 P.:
1439 2907 1594 2951 differt
1632 2907 1869 2963 rhythmus
1915 2921 1942 2950 a
1987 2910 2150 2960 metro,

332 2969 457 3025 quod
484 2971 685 3013 metrum
715 2969 763 3012 in
794 2969 966 3024 uerbis,
1004 2969 1243 3024 rhythmus
1274 2968 1322 3010 in
1352 2965 1668 3010 modulatione
1700 2980 1752 3010 ac
1780 2968 1911 3009 motu
1943 2965 2151 3022 corporis

333 3029 407 3082 sit,
439 3031 484 3071 et
514 3028 639 3084 quod
666 3031 865 3071 metrum
900 3027 1071 3083 pedum
1102 3027 1162 3070 sit
1180 3026 1402 3082 quaedam
1422 3023 1709 3081 compositio,
1726 3024 1967 3080 rhythmus
1997 3027 2154 3077 autem

331 3089 594 3143 temporum
627 3087 750 3130 inter
785 3101 832 3130 se
865 3086 979 3130 ordo
1001 3086 1200 3141 quidam,
1219 3088 1267 3128 et
1299 3085 1423 3140 quod
1451 3089 1650 3127 metrum
1684 3087 1811 3127 certo
1841 3097 2031 3127 numero
2065 3082 2154 3140 syl·

332 3146 540 3189 labarum
571 3146 647 3189 uel
677 3145 846 3203 pedum
875 3144 1057 3188 finitum
1090 3145 1164 3197 sit,
1206 3144 1444 3199 rhythmus
1491 3146 1645 3186 autem
1683 3156 1931 3198 numquam
1961 3154 2152 3185 numero

327 3205 748 3249 circumscribatur.
781 3204 931 3247 Diom.
946 3219 991 3260 p.
1009 3203 1174 3258 474‚5:
1207 3203 1351 3245 distat
1380 3205 1578 3245 metrum
1609 3215 1636 3244 a
1664 3200 1892 3256 rhythmo,
1920 3200 2044 3256 quod
2059 3213 2152 3242 me-

331 3268 457 3308 trum
488 3272 615 3307 certa
647 3263 869 3320 qualitate
886 3277 939 3307 ac
956 3276 1145 3306 numero
1167 3262 1442 3317 syllabarum
1456 3265 1805 3316 temporumque
1822 3258 1995 3312 finitur,
2013 3257 2152 3302 certis

331 3337 418 3379 que
438 3323 633 3379 pedibus
655 3327 837 3367 constat
856 3337 909 3366 ac
930 3321 1175 3373 clauditur,
1187 3321 1426 3376 rhythmus
1445 3324 1597 3363 autem
1615 3322 1872 3374 temporum
1890 3331 1942 3360 ac
1960 3317 2154 3374 syllaba·

329 3396 432 3426 rum
452 3382 711 3439 pedumque
727 3381 1034 3439 congruentia
1047 3380 1096 3424 in
1115 3382 1198 3436 (sic
1212 3382 1264 3436 Β)
1276 3379 1506 3423 infinitum
1523 3377 1858 3434 multiplicatur
1875 3390 1930 3421 ac
1947 3375 2150 3433 profluit.
2168 3409 2170 3411 ,

500 3531 522 3577 l
567 3530 663 3576 arsi
701 3532 751 3576 et
785 3526 914 3576 thesi
952 3521 1043 3594 ΡΗ
1068 3529 1097 3575 5
1137 3526 1437 3591 recipiantur
1473 3525 1538 3573 M
1557 3524 1581 3583 ΙΙ
1603 3521 1774 3571 modos
1807 3521 1859 3573 B
1881 3521 1906 3580 ΙΙ
