2372 4082
1099 369 1201 418 21¹7

236 521 334 575 sed
371 520 706 589 exscribunt,
750 520 843 591 qui
884 521 1071 593 quales
1110 526 1234 574 sunt
1271 518 1515 572 scribunt
1549 518 1588 572 ii
1627 519 1957 574 describunt.
2036 540 2067 574 a

214 613 396 664 'scena
432 610 584 663 uenit
620 616 958 681 spectator,c
989 627 1151 663 scena
1172 607 1322 662 uenit
1359 609 1451 678 qui
1478 609 1610 679 egit,
1647 617 1838 662 contra
1859 619 2066 682 specta-

233 708 320 756 tor
357 719 387 754 e
419 701 650 768 theatro,
688 700 950 753 atheatro
985 700 1149 752 actor.
1195 699 1262 751 de
1300 717 1464 752 scena
1502 699 1740 769 loquitur
1780 700 1870 770 qui
1909 701 1977 754 de
2006 719 2069 754 ea

233 793 373 845 bene
412 811 481 844 an
517 791 657 843 male
695 796 881 842 ornata
916 789 985 842 sit
1020 789 1279 861 loquitur,
1302 789 1358 841 in
1395 806 1555 842 scena
1577 791 1893 862 pronuntiat
1918 782 2089 845 actor.

183 886 213 933 5
237 882 328 956 qui
362 881 469 935 hoc
505 880 652 935 idem
691 879 941 934 subtilius
988 879 1109 932 uult
1153 879 1337 932 dicere
1385 898 1496 932 non
1542 880 1598 932 in
1636 898 1797 934 scena
1833 879 1931 933 sed
1969 898 2069 951 pro

238 990 404 1028 scena
459 971 592 1026 dicit
646 971 999 1044 pronuntiare
1059 979 1315 1025 actorem.
1403 991 1530 1025 nam
1582 990 1746 1026 scena
1798 971 2070 1042 significat

236 1080 438 1135 graece
479 1062 724 1130 ‘domus',
763 1080 792 1115 e
831 1081 992 1116 scena
1030 1069 1180 1115 actor
1220 1062 1371 1131 exiit,
1419 1062 1574 1116 uenit
1607 1061 1664 1115 in
1695 1062 1966 1135 pulpitum
2003 1082 2066 1116 ac

231 1153 582 1224 uestibulum,
616 1173 715 1226 pro
745 1172 909 1208 scena
942 1153 1123 1226 itaque
1161 1161 1310 1207 actor
1347 1161 1445 1207 est.
1484 1173 1609 1207 cum
1647 1171 1711 1208 eo
1749 1153 2065 1207 uenitdici-

234 1263 352 1298 mus
389 1243 630 1315 prodire,
675 1244 766 1317 qui
791 1243 950 1297 domo
981 1243 1199 1297 excedit
1234 1243 1556 1317 procedere,
1580 1244 1688 1316 ‘qui
1724 1263 1794 1297 ex
1834 1263 1897 1298 ea
1936 1244 2066 1314 quid

154 1343 212 1390 10
237 1332 384 1387 ducit
419 1334 742 1406 producere.
798 1353 897 1407 pro
932 1333 1122 1388 rostris
1162 1334 1269 1387 dici
1308 1340 1524 1404 oportet
1562 1353 1686 1388 cum
1723 1334 1768 1388 is
1810 1335 1901 1405 qui
1941 1353 2066 1388 con-

232 1423 468 1478 tionatur
506 1424 571 1478 iis
611 1424 742 1480 dicit
776 1425 867 1497 qui
902 1432 1025 1478 ante
1065 1431 1241 1477 rostra
1272 1431 1414 1494 sunt,
1454 1443 1555 1496 pro
1604 1424 1792 1478 rostris
1830 1426 1976 1478 enim
2010 1433 2063 1478 et

232 1522 356 1574 ante
393 1515 539 1569 idem
578 1523 720 1569 sunt.
770 1515 827 1568 in
858 1522 1034 1569 rostra
1070 1515 1332 1584 ascendit,
1371 1533 1400 1568 e
1436 1515 1627 1570 rostris
1664 1509 1967 1584 descendit,
2002 1516 2069 1569 de

232 1606 425 1661 rostris
464 1605 594 1659 dicit
633 1606 722 1678 qui
765 1624 827 1659 ea
866 1605 1169 1660 cuiusmodi
1207 1605 1314 1659 sint
1351 1605 1502 1682 dicit.
1572 1606 1629 1659 in
1669 1606 1922 1660 contione
1945 1613 2068 1674 stat,

235 1715 266 1751 e
318 1698 571 1752 contione
622 1698 792 1767 uenit,
843 1698 910 1751 de
963 1698 1216 1751 contione
1265 1696 1410 1751 dicit.
1499 1697 1801 1751 inscribunt
1852 1698 2066 1770 quidam

160 1788 405 1845 151iteris
450 1789 546 1842 ‘e’:
584 1790 738 1843 datae
777 1791 824 1842 ‘e
848 1788 1065 1858 Gallia’,
1084 1788 1215 1842 item
1236 1789 1284 1841 ‘e
1305 1789 1512 1869 Roma’,
1548 1789 1763 1842 uitiose.
1830 1807 1955 1842 nam
1991 1789 2069 1842 sic

234 1879 342 1934 dici
382 1888 596 1953 oportet
612 1888 629 1934 :i
666 1881 741 1934 ‘in
773 1881 965 1936 Gallia’
1005 1888 1059 1934 et
1094 1882 1353 1937 ‘Romae'.
1429 1883 1624 1936 dantur
1661 1881 1806 1936 enim
1843 1882 1900 1935 in
1932 1882 2069 1951 locO,

234 1971 539 2025 afferuntur
576 1991 605 2025 e
645 1973 786 2039 loce,
825 1974 1071 2044 sequitur
1106 1981 1166 2027 ut
1206 1974 1403 2027 dentur
1438 1974 1495 2027 in
1535 1974 1718 2029 Gallia
1755 1981 1808 2027 et
1844 1974 2066 2028 Romae.

234 2063 585 2135 [praepositio
624 2082 1014 2136 nonnunquam
1053 2083 1153 2138 per
1185 2084 1347 2119 unam
1387 2064 1601 2118 literam
1635 2063 1911 2131 scribitur,
1971 2062 2067 2117 sed

235 2219 452 2262 neretur:
487 2232 544 2262 ex
571 2217 811 2274 Hymetto.
870 2218 959 2263 hoc
992 2234 1231 2263 seruamus
1265 2221 1313 2263 et
1345 2218 1530 2275 quidem
1566 2218 1605 2262 si
1651 2220 1873 2262 secuntur
1911 2231 2066 2270 uoces,

235 2277 284 2321 in
329 2277 496 2334 quibus
542 2281 855 2322 consonantes
899 2279 1078 2335 primae
1119 2282 1241 2331 sunt,
1284 2279 1572 2322 detrahimus
1604 2278 1655 2331 B,
1699 2279 1753 2320 ut
1783 2292 1809 2320 a
1841 2277 2010 2334 Capua,
2043 2292 2070 2320 a

233 2335 460 2381 Dertona.
506 2335 555 2380 in
585 2338 751 2394 quibus
785 2339 974 2382 uocales
1008 2341 1244 2391 secuntur,
1263 2339 1663 2395 Bpraeponimus,
1689 2340 1742 2380 ut
1777 2337 1835 2380 ab
1852 2336 2068 2391 Erycinis

234 2396 293 2445 ab
318 2395 708 2441 Atheniensibus.
765 2398 843 2441 siI
878 2398 1011 2443 autV
1026 2401 1262 2456 sequatur,
1295 2398 1411 2441 item
1435 2401 1488 2440 ut
1521 2412 1662 2454 supra
1695 2397 1786 2440 duo
1820 2398 2070 2441 seruantur

233 2455 376 2500 modi.
450 2457 490 2500 si
528 2471 615 2514 per
648 2471 695 2507 se
727 2460 837 2504 sunt
867 2461 1119 2511 admittunt,
1153 2460 1207 2501 ut
1240 2459 1298 2502 ab
1330 2457 1518 2512 Illyrico
1550 2458 1609 2501 ab
1641 2456 1834 2507 Vrbino,
1881 2454 1920 2499 si
1963 2469 2070 2498 cum

234 2514 384 2559 altera
414 2516 571 2560 uocali
601 2517 843 2569 amittunt,
875 2520 928 2560 ut
959 2533 986 2560 a
1014 2516 1218 2561 Venusia
1250 2533 1276 2560 a
1310 2517 1527 2561 ianitore.
1590 2521 1647 2572 cs.
1681 2516 1870 2559 Sueton.
1902 2513 1960 2557 fr.
1981 2517 2069 2558 206

233 2573 372 2618 Reiff.
402 2574 557 2619 Diom.
586 2578 752 2632 p.414,
774 2580 853 2620 32:
888 2591 945 2620 ex
980 2579 1028 2620 et
1060 2578 1118 2620 ab
1148 2576 1536 2633 praepositiones,
1570 2576 1611 2619 si
1641 2589 1837 2631 sequens
1870 2574 2069 2617 uerbum

235 2648 263 2679 a
291 2628 447 2678 uocali
475 2634 683 2692 incipiat,
715 2636 900 2693 integre
933 2635 1208 2688 efferuntur,
1239 2639 1297 2680 ut
1335 2650 1392 2679 ex
1422 2636 1593 2692 oppido
1625 2636 1683 2678 ab
1718 2634 1815 2686 illo,
1836 2633 1878 2677 si
1907 2646 2070 2677 conso-

235 2695 402 2739 nantes
449 2697 720 2751 sequantur‚
765 2699 1023 2739 extremam
1054 2696 1263 2739 litteram
1292 2695 1513 2752 perdunt,
1557 2697 1608 2738 ut
1640 2692 1664 2738 e
1695 2693 1798 2738 foro
1837 2707 1863 2736 a
1890 2693 2069 2736 Marco.

235 2752 453 2797 similiter
499 2753 540 2798 si
579 2754 756 2798 uocalis
789 2758 1013 2812 sequatur
1042 2755 1343 2799 consonantis
1385 2754 1489 2798 loco
1519 2754 1688 2811 posita,
1731 2755 1785 2797 ut
1826 2768 1853 2796 a
1891 2752 2069 2795 Iunone

235 2826 261 2856 e
291 2812 472 2856 uirtute
501 2828 528 2856 a
557 2813 683 2858 uino.
758 2814 847 2858 hae
881 2817 1129 2872 praeterea
1159 2814 1532 2871 praepositiones
1563 2828 1658 2857 non
1699 2815 1752 2856 ut
1793 2811 2070 2868 quibusdam

232 2870 424 2933 uidetur
455 2871 567 2930 [n'on
601 2877 703 2917 hinc
733 2880 1010 2931 transposuit
1044 2878 1207 2919 Christ.
1228 2877 1387 2918 Philol.
1407 2877 1563 2917 XVIII
1580 2892 1622 2930 p.
1640 2873 1746 2930 135]
1767 2872 1891 2915 idem
1907 2885 2069 2914 unum-

236 2943 324 2988 que
356 2930 637 2989 significant.
690 2948 775 2977 nec
808 2934 932 2977 enim
963 2949 1107 2977 unum
1139 2936 1211 2977 est
1243 2949 1268 2977 a
1293 2932 1481 2977 theatro
1513 2934 1675 2977 uenire
1706 2935 1754 2976 et
1789 2946 1847 2974 ex
1864 2930 2067 2974 theatro.

232 3005 342 3035 nam
387 2991 467 3047 qui
510 2991 626 3036 dicit
670 3007 696 3036 a
739 2993 927 3037 theatro
978 3008 1073 3037 non
1114 3007 1171 3037 ex
1213 2993 1316 3050 ipso
1348 2993 1536 3036 theatro
1573 2994 1655 3036 sed
1686 3006 1710 3035 e
1746 2991 1850 3034 loco
1881 2989 1961 3046 qui
1997 2991 2070 3032 est

233 3050 474 3106 proximus
506 3051 710 3104 theatro,
743 3053 824 3109 qui
854 3067 912 3096 ex
942 3053 1132 3096 theatro
1166 3067 1214 3096 se
1245 3053 1407 3097 uenire
1429 3052 1543 3096 dicit
1563 3067 1622 3095 ex
1650 3052 1753 3108 ipso
1780 3049 1912 3093 uenit
1940 3048 2068 3092 thea-

232 3111 325 3153 tro.
385 3109 457 3154 his
491 3112 920 3168 praepositionibus
963 3113 1202 3156 contraria
1235 3114 1475 3169 potestate
1525 3114 1633 3154 sunt
1674 3110 1734 3154 ad
1765 3112 1812 3153 et
1842 3109 1904 3161 in,
1951 3121 2069 3164 quae

405 3239 428 3283 1
470 3236 507 3283 ii
541 3236 842 3298 describunt]
884 3239 1013 3287 idem
1048 3239 1277 3287 tribuunt
1313 3238 1364 3287 Β
1403 3240 1427 3295 ΙΙ
1469 3239 1500 3283 4
1541 3240 1677 3284 actor
1714 3235 1830 3283 add.
1875 3233 2069 3282 Wachs-

234 3307 370 3354 math
391 3307 418 3365 Η
444 3306 472 3352 5
508 3298 694 3374 nonin]
731 3309 780 3354 in
801 3323 889 3356 om.
910 3309 961 3357 B
984 3310 1008 3367 ΙΙ
1034 3311 1062 3356 6
1097 3303 1318 3357 autorem
1344 3309 1394 3354 in
1415 3323 1558 3355 scena
1577 3300 1918 3367 significareB
1940 3316 2065 3350 corr.

234 3374 447 3424 alalon
468 3374 493 3433 ΙΙ
517 3379 548 3424 8
583 3377 899 3426 uestibulum.
937 3396 1106 3427 sccena
1138 3377 1187 3426 B
1228 3372 1253 3442 Η
1289 3381 1462 3425 auctor
1500 3390 1636 3424 eraso
1672 3391 1706 3421 u
1741 3370 1836 3430 ΒΗ
1865 3374 1893 3420 9
1934 3385 2068 3418 eoos<

236 3444 312 3492 ‘30st
343 3445 395 3493 Β
432 3439 458 3509 ΙΙ
500 3463 560 3493 ΘΧ
595 3447 673 3504 ea]
716 3464 776 3494 ex
812 3448 970 3496 om.B
993 3454 1016 3508 ΙΙ
1044 3449 1176 3511 quod
1201 3449 1252 3496 B
1289 3444 1314 3512 Η
1359 3449 1421 3494 10
1460 3446 1536 3492 his
1569 3446 1654 3508 qui
1692 3443 2068 3490 concionaturus

236 3514 426 3565 dicitB
456 3511 481 3580 ΙΙ
518 3519 575 3563 11
615 3533 707 3579 pro
746 3518 942 3580 rostris]
989 3534 1192 3583 prorsus
1223 3519 1274 3569 B
1314 3520 1338 3575 ΙΙ
1379 3517 1440 3563 15
1477 3516 1620 3563 litere
1655 3513 1799 3561 datae
1836 3509 1886 3559 B
1915 3504 1949 3582 fl
1992 3509 2067 3558 ui-

237 3585 365 3634 ciose
400 3585 451 3635 B
474 3581 500 3653 ΙΙ
526 3588 586 3633 16
625 3587 837 3635 Romae..
861 3588 1114 3637 Ceduntur
1154 3588 1204 3637 B
1227 3583 1251 3655 Η
1280 3589 1338 3635 17
1377 3586 1528 3637 Roma
1570 3583 1619 3630 B
1642 3577 1667 3646 Η
