2372 4082
1085 333 1185 381 205

146 499 230 550 30.
368 475 440 530 Et
486 477 545 530 in
596 478 836 531 carmine
883 484 938 531 et
979 478 1036 531 in
1078 476 1253 530 soluta
1295 476 1537 530 oratione
1584 494 1793 547 genera
1838 477 2057 531 dicendi

226 575 352 623 sunt
389 569 492 621 tria
529 568 846 639 probabilia,
885 585 1020 639 quae
1061 565 1249 638 graeci
1272 567 1621 633 χαρακτῆρας
1650 575 1851 620 uocant
1886 566 2057 621 nomi-

228 675 405 728 naque
443 658 519 711 eis
558 656 806 710 fecerunt
836 652 999 720 ἁδρόν
1038 653 1222 718 ἰσχνόν
1255 652 1432 719 μέσον.
1506 673 1606 708 nos
1647 673 1860 725 quoque
1898 672 2060 724 quem

221 747 459 820 primum
506 748 784 821 posuimus
836 747 1064 800 uberem
1110 764 1383 809 uocamuS‚
1428 745 1728 799 secundum
1777 745 2057 815 gracilem,

175 839 444 895 5tertium
484 839 834 893 mediocrem.
907 838 1064 892 uberi
1119 838 1358 908 dignitas
1411 846 1574 910 atque
1622 837 1923 909 amplitudo
1964 845 2060 905 est,

220 931 419 1003 gracili
460 940 718 986 uenustas
756 938 810 983 et
845 930 1128 998 subtilitas,
1162 930 1376 983 medius
1408 930 1466 982 in
1490 929 1724 982 confinio
1765 936 1845 982 est
1866 929 2061 983 utrius-

224 1040 328 1093 que
364 1021 514 1076 modi
546 1021 835 1094 particeps.

361 1112 466 1167 His
502 1112 733 1182 singulis
771 1111 1027 1166 orationis
1064 1112 1359 1165 uirtutibus
1391 1111 1526 1165 uitia
1558 1118 1757 1181 agnata
1784 1118 1909 1164 sunt
1939 1110 2056 1183 pari

220 1220 467 1266 numerO,
527 1220 664 1272 quae
706 1220 891 1255 earum
931 1202 1169 1256 modum.
1196 1210 1250 1256 et
1285 1202 1527 1256 habitum
1568 1202 1869 1255 simulacris
1909 1201 2060 1254 falsis

125 1301 206 1347 '10
222 1293 606 1347 ementiuntur.
677 1293 754 1346 sic
801 1294 1128 1365 plerumque
1173 1293 1377 1346 sufflati
1428 1301 1588 1363 atque
1625 1293 1821 1346 tumidi
1858 1292 2055 1345 fallunt

143 1418 147 1422 -
218 1401 318 1454 pro
354 1383 631 1446 uberibuS,
670 1384 982 1452 squalentes
1031 1391 1085 1435 et
1122 1382 1290 1436 ieiuni
1329 1382 1437 1435 dici
1482 1401 1581 1453 pro
1629 1382 1943 1453 gracilibuS,
1975 1381 2055 1433 in-

221 1473 354 1526 certi
393 1481 447 1527 et
485 1473 727 1544 ambigui
761 1492 862 1545 pro
897 1473 1282 1527 mediocribus,
1363 1492 1495 1526 uera
1532 1481 1712 1526 autem
1749 1480 1801 1526 et
1839 1472 2062 1544 propria

219 1548 598 1618 huiuscemodi
637 1565 937 1617 formarum
979 1565 1232 1635 exempla
1272 1563 1330 1617 in
1354 1564 1523 1617 latina
1561 1564 1749 1634 lingua
1781 1563 1856 1617 M.
1875 1563 2056 1616 Varro

223 1674 342 1710 esse
381 1656 510 1709 dicit
545 1656 807 1710 ubertatis
829 1655 1143 1726 Pacuuium,
1182 1639 1500 1727 gracilitatis
1521 1655 1813 1723 Lucilium,
1853 1654 2057 1708 medio—

146 1757 202 1801 15
227 1746 426 1801 critatis
464 1748 798 1802 Terentium.
880 1746 978 1800 sed
1025 1766 1087 1800 ea
1128 1747 1244 1820 ipsa
1282 1736 1486 1818 genera
1526 1745 1743 1799 dicendi
1778 1746 1885 1798 iam
1925 1743 2058 1796 anti-

222 1835 402 1908 quitus
434 1837 633 1891 tradita
672 1838 738 1890 ab
778 1838 1023 1890 Homero
1064 1845 1186 1890 sunt
1221 1837 1324 1889 tria
1375 1837 1433 1889 in
1466 1836 1665 1890 tribus:
1711 1835 2060 1906 magnificum

219 1927 278 1979 in
297 1926 466 1981 Vlixe
491 1935 544 1980 et
569 1929 840 1996 ubertum,
879 1928 1078 1980 subtile
1115 1927 1173 1981 in
1192 1927 1440 1981 Menelao
1480 1934 1535 1979 et
1573 1926 1887 1995 cohibitum,
1925 1925 2059 1978 mix-

220 2025 335 2071 tum
374 2018 823 2089 moderatumque
861 2018 918 2071 in
954 2019 1207 2073 Nestore.

363 2111 767 2166 Animaduersa
816 2112 1006 2165 eadem
1059 2111 1329 2184 tripertita
1381 2110 1616 2164 uarietas
1665 2117 1746 2163 est
1793 2109 1850 2163 in
1887 2109 2060 2162 tribus

135 2209 196 2255 20
226 2200 582 2274 philosophiS,
630 2221 765 2275 quos
803 2202 1172 2256 Athenienses
1211 2202 1439 2255 Romam
1492 2201 1560 2254 ad
1610 2207 1856 2254 senatum
1909 2200 2060 2270 lega-

395 2377 466 2421 80.
534 2377 914 2433 Gell.VIl4,1:
949 2376 1024 2420 Et
1053 2376 1112 2420 in
1148 2376 1407 2421 carmine
1545 2378 1606 2419 et
1637 2375 1852 2420 sobria.
1889 2388 2051 2418 unum-

222 2435 437 2493 quodque
471 2439 623 2480 autem
658 2450 802 2495 genus
840 2439 894 2480 ut
939 2436 1152 2491 diximus,
1192 2451 1298 2480 cum
1329 2438 1456 2480 caste
1486 2435 1745 2492 pudiceque
1779 2438 1970 2478 ornatur
2002 2432 2058 2477 fit

226 2495 471 2550 illustrius,
513 2510 618 2539 cum
648 2497 834 2540 fucatur
865 2499 1003 2551 atque
1038 2495 1312 2552 praelinitur
1341 2494 1396 2538 fit
1424 2495 1792 2551 praestigiosum.
1854 2493 2062 2536 Macrob.

223 2558 307 2598 sat.
339 2553 362 2597 I
391 2555 435 2606 5,
469 2553 549 2597 14:
585 2556 691 2599 illos
723 2556 829 2599 dico
863 2569 978 2610 quos
1001 2554 1311 2598 Athenienses
1337 2554 1570 2610 quondam
1602 2553 1661 2596 ad
1691 2557 1903 2596 senatum
1937 2552 2062 2608 lega-

224 2616 393 2657 uerant
420 2613 722 2670 impetratum
754 2615 824 2658 uti
853 2614 1047 2657 multam
1075 2615 1353 2668 remitteret,
1405 2628 1544 2669 quam
1592 2612 1776 2656 ciuitati
1808 2626 1967 2655 eorum
1998 2611 2063 2654 fe-

225 2676 356 2717 cerat
397 2677 593 2730 propter
625 2672 769 2730 Oropi
802 2674 1129 2717 uastat-ionem.
1200 2687 1255 2716 ea
1298 2673 1446 2716 multa
1495 2673 1649 2716 fuerat
1693 2672 1923 2715 talentum
1964 2670 2062 2714 fere

223 2731 540 2789 quingentum.
601 2738 734 2776 erant
762 2733 842 2776 isti
869 2732 1133 2790 philosophi
1154 2732 1415 2776 Carneades
1449 2746 1507 2775 ex
1542 2731 1792 2785 academia,
1826 2730 2061 2786 Diogenes

224 2791 414 2846 stoicus,
443 2791 672 2836 Critolaus
697 2792 1048 2849 peripateticus,
1071 2806 1185 2847 quos
1216 2791 1375 2835 ferunt
1409 2806 1616 2835 seorsum
1649 2803 1875 2846 quemque
1907 2792 2059 2832 osten-

222 2849 356 2893 tandi
385 2847 541 2907 gratia
572 2866 657 2906 per
689 2852 992 2896 celeberrima
1032 2851 1162 2895 urbis
1203 2851 1305 2894 loca
1344 2865 1512 2907 magno
1557 2853 1794 2894 conuentu
1827 2848 2064 2892 hominum

224 2908 562 2955 dissertauisse.
610 2910 699 2955 fuit
729 2915 782 2956 ut
811 2911 1010 2956 relatum
1042 2914 1114 2955 est
1140 2909 1360 2955 facundia
1379 2909 1640 2954 Carneades
1673 2909 1883 2953 uiolenta
1915 2911 1962 2952 et
1991 2921 2063 2950 ra-

238 3097 243 3103 ·
392 3082 416 3126 1
467 3079 517 3129 R
557 3096 616 3121 =
658 3081 762 3128 cod.
804 3081 1040 3143 Luqdzm.
1079 3081 1513 3141 Rottendorftanus
1560 3080 1778 3129 Gronou.
1825 3080 1894 3127 21
1937 3091 2062 3127 saec.

227 3147 348 3198 XII
391 3145 478 3208 (cf.
520 3150 678 3198 Hertz
724 3152 822 3199 ber.
876 3152 924 3198 d.
977 3152 1148 3199 berlin.
1190 3152 1330 3199 acad.
1366 3154 1500 3200 1847
1534 3166 1585 3211 p.
1609 3148 1722 3211 411)
1778 3165 1917 3209 quem
1957 3150 2064 3208 ipse

224 3219 406 3267 contuli
449 3220 500 3265 in
535 3219 719 3276 soluta]
753 3221 804 3266 in
840 3235 930 3268 om.
967 3221 1017 3268 R
1058 3216 1083 3284 Η
1124 3222 1153 3267 2
1199 3221 1410 3282 ,pabiliff
1460 3219 1610 3281 (corr.
1657 3235 1716 3267 ex
1748 3211 1954 3279 habilia)
1995 3218 2064 3263 eis

223 3286 442 3335 fecerunt
478 3291 577 3336 tria
611 3286 658 3335 n*
694 3305 783 3336 nos
829 3290 1044 3352 primum
1081 3289 1281 3336 uberem
1315 3306 1547 3337 uocamus
1581 3304 1671 3337 om.
1709 3289 1914 3347 reliquis
1946 3285 1996 3333 R
2025 3279 2052 3352 ΙΙ

226 3396 256 3443 5
294 3400 394 3460 atq:
432 3401 533 3462 atq:
572 3401 622 3448 R
653 3402 677 3457 ΙΙ
703 3405 731 3450 8
769 3401 900 3447 uicia
931 3401 981 3448 R
1003 3402 1027 3453 Η
1056 3401 1120 3447 10
1157 3401 1492 3447 emenciuntur
1511 3400 1561 3447 R
1583 3393 1608 3462 Η
1642 3399 1703 3444 12
1742 3395 1970 3460 propria]
1986 3373 2064 3456 ,pa

222 3462 412 3524 R1120
445 3466 699 3532 filosophis
730 3471 779 3519 R
802 3471 826 3527 Η
850 3471 1121 3518 atenienses
1155 3471 1206 3519 R
1227 3473 1251 3529 Η
1275 3474 1499 3518 senatum
1537 3467 1711 3533 populi
1745 3467 2064 3529 legrauerunt

222 3537 517 3604 imperatum
551 3539 600 3587 R
623 3541 647 3598 ΙΙ
1418 3568 1420 3570 »
