2372 4082
1125 380 1223 430 185

256 531 678 586 consonantibus
734 532 911 587 media
963 530 1263 585 intercedat
1318 527 1574 600 aspiratio
1593 569 1609 596 ,
1670 525 1815 600 quod
1869 525 2092 579 minime

256 629 470 676 rectum
508 623 744 693 antiquis
781 623 1086 677 uidebatur.
2073 607 2077 611 ⁸

422 817 645 863 58-58D.
709 817 865 874 Quint.
895 818 918 861 I
947 818 989 874 5,
1023 817 1103 862 19:
1157 816 1244 861 Illa
1283 830 1397 861 uero
1445 814 1630 860 nonnisi
1673 829 1784 859 aure
1829 813 2096 871 exiguntur,

256 892 376 935 quae
405 876 526 923 fiunt
555 888 641 935 per
672 892 823 923 sonos.
904 892 1182 935 quamquam
1213 891 1300 934 per
1332 875 1708 933 adspirationem,
1751 874 1851 918 siue
1894 874 2098 921 adicitur

256 937 427 986 uitiose
458 937 555 982 siue
586 937 861 995 detrahitur,
908 938 1031 995 apud
1063 952 1148 981 nos
1180 940 1335 994 potest
1366 936 1526 992 quaeri
1558 950 1617 978 an
1647 935 1697 978 in
1729 933 1905 990 scripto
1938 934 2000 978 sit
2029 934 2097 977 ui-

257 996 390 1052 tium,
423 995 463 1040 si
493 996 537 1040 H
570 996 732 1041 littera
763 1001 848 1053 est,
879 1011 974 1041 non
1007 1000 1131 1041 nota.
1204 996 1335 1041 cuius
1377 994 1567 1051 quidem
1616 994 1736 1038 ratio
1762 996 1962 1037 'mutata
1991 1007 2097 1038 cum

259 1056 548 1114 temporibus
579 1059 652 1102 est
689 1057 884 1114 saepius.
947 1057 1219 1113 parcissime
1263 1069 1318 1099 ea
1351 1058 1539 1099 ueteres
1570 1054 1642 1098 usi
1674 1053 1815 1098 etiam
1845 1054 1895 1096 in
1926 1053 2097 1097 uocali-

257 1116 360 1171 bus,
394 1130 500 1160 cum
529 1115 669 1159 oedos
699 1115 912 1173 ircosque
943 1116 1175 1171 dicebant,
1194 1115 1273 1159 diu
1291 1114 1460 1159 deinde
1487 1117 1722 1158 seruatum
1752 1128 1811 1157 ne
1844 1127 2098 1159 consonan-

258 1175 384 1220 tibus
416 1174 679 1232 aspirarent
708 1178 763 1218 ut
791 1176 840 1219 in
860 1176 1049 1220 Graccis
1084 1180 1132 1219 et
1165 1175 1214 1219 in
1244 1175 1472 1231 triumpis.
1538 1173 1695 1230 erupit
1720 1173 1855 1217 breui
1885 1176 2097 1230 tempore

260 1234 430 1278 nimius
460 1249 586 1288 usus,
617 1238 669 1278 ut
702 1235 931 1278 choronae
965 1235 1291 1279 chenturiones
1326 1233 1613 1291 praechones
1643 1233 1792 1277 adhuc
1820 1232 2098 1289 quibusdam

259 1292 642 1350 inscriptionibus
674 1300 907 1349 maneant,
938 1309 1028 1350 qua
1058 1294 1115 1337 de
1147 1309 1198 1338 re
1225 1294 1393 1338 Catulli
1411 1293 1567 1337 nobile
1587 1292 1873 1350 epigramma
1895 1294 1988 1345 (84)
2011 1295 2097 1336 est.

258 1352 368 1396 inde
398 1352 536 1396 durat
566 1352 625 1396 ad
659 1367 743 1396 nos
775 1368 919 1409 usque
950 1353 1249 1397 uehementer
1283 1355 1332 1396 et
1364 1351 1755 1409 comprehendere
1773 1355 1820 1396 et
1842 1351 1968 1407 mihi,
1990 1366 2100 1395 nam

262 1411 396 1456 mehe
429 1426 609 1468 quoque
641 1426 728 1468 pro
755 1427 827 1456 me
849 1413 971 1469 apud
1001 1413 1216 1468 antiquos
1245 1412 1592 1469 tragoediarum
1623 1411 1873 1468 praecipue
1905 1411 2101 1467 scripto·

261 1485 337 1516 res
366 1471 417 1516 in
447 1471 686 1516 ueteribus
713 1471 846 1516 libris
877 1472 1152 1516 inuenimus.
1215 1471 1328 1516 Gell.
1348 1471 1455 1515 XVI
1469 1471 1512 1526 5,
1533 1471 1583 1514 6:
1615 1485 1806 1514 uemens
1824 1506 1833 1514 .
1855 1504 1865 1514 .
1886 1504 1896 1513 .
1917 1485 1944 1514 a
1973 1485 2100 1514 men-

260 1530 322 1575 tis
354 1531 404 1575 ui
433 1533 574 1586 atque
600 1531 779 1587 impetu
817 1531 1003 1576 dicitur.
1067 1532 1123 1576 cf·
1158 1531 1366 1576 Macrob.
1403 1535 1489 1575 sat.
1508 1531 1571 1575 VI
1601 1530 1643 1586 8,
1677 1529 1746 1574 18.
1817 1530 1915 1575 Vel.
1948 1530 2097 1586 Long.

261 1605 305 1647 p.
324 1589 446 1635 2234
458 1590 533 1634 P.:
570 1590 819 1635 uoluerunt
851 1591 966 1636 item
998 1592 1135 1635 alium
1171 1605 1270 1635 esse
1293 1591 1501 1635 Cilonem
1522 1590 1660 1634 alium
1677 1590 1931 1647 Chilonem,
1955 1593 2003 1634 et
2028 1589 2100 1635 Ci-

259 1651 390 1695 lones
420 1649 629 1694 homines
660 1650 821 1695 uocari
852 1652 1040 1709 angusti
1072 1651 1240 1708 capitis
1284 1654 1332 1695 et
1373 1649 1578 1707 oblongi,
1622 1649 1836 1693 Chilones
1873 1663 1986 1694 uero
2017 1649 2100 1692 im-

260 1709 560 1768 probioribus
593 1709 738 1755 labris
769 1710 979 1755 homines
1013 1726 1041 1755 a
1073 1711 1250 1755 Graeco
1282 1707 1407 1769 παρὰ
1438 1708 1493 1754 τὰ
1523 1711 1668 1768 χείλη.
1739 1709 1847 1753 talis
1882 1709 2093 1766 quaestio

263 1772 334 1814 est
363 1769 490 1814 circa
519 1769 735 1814 cohortes
765 1773 814 1814 et
847 1774 1047 1826 coortes,
1089 1771 1170 1815 ubi
1200 1770 1434 1815 diuersam
1464 1784 1565 1814 esse
1597 1767 1985 1827 significationem
2018 1783 2099 1812 uo·

259 1829 447 1873 luerunt
479 1829 788 1885 grammatici,
821 1833 875 1873 ut
905 1833 1088 1875 coortes
1120 1830 1215 1874 sint
1245 1831 1474 1883 uillarum,
1498 1829 1620 1873 unde
1647 1828 1857 1873 homines
1890 1828 2100 1873 60011611-

261 1892 342 1933 tur
371 1888 565 1945 pariter.
627 1889 741 1933 oriri
772 1889 894 1934 enim
926 1890 1051 1946 apud
1083 1889 1297 1946 antiquos
1328 1904 1519 1946 surgere
1561 1889 1830 1945 frequenter
1871 1887 2099 1945 significa-

263 1949 361 2003 bat,
391 1951 444 1992 ut
473 1952 669 2005 apparet
699 1948 748 1992 in
778 1963 832 1992 eo
865 1949 990 2005 quod
1021 1950 1217 1994 dicitur:
1252 1949 1429 1993 ‘Oriens
1448 1949 1610 1993 consul
1630 1948 1907 2006 magistrum
1937 1946 2099 2005 populi

264 2007 422 2063 dicat',
440 2007 566 2063 quod
588 2011 659 2052 est
679 2022 888 2066 surgens.
953 2013 1001 2053 at
1034 2009 1249 2053 cohortes
1279 2009 1479 2052 militum
1513 2023 1540 2052 a
1568 2012 1731 2052 mutua
1760 2008 2096 2052 cohortatione.

262 2081 373 2112 nam
406 2070 561 2112 cortes
593 2068 805 2112 audimus
838 2068 1024 2125 quidem
1058 2069 1199 2126 uolgo
1236 2069 1316 2113 sed
1346 2069 1546 2113 barbare
1582 2068 1688 2112 dici.
1761 2067 1818 2111 de
1861 2067 2098 2124 superiore

264 2126 528 2172 differentia
557 2127 672 2171 mihi
701 2126 830 2171 aliud
861 2128 1064 2181 uidetur,
1110 2128 1236 2184 quod
1282 2144 1387 2173 cum
1435 2129 1647 2185 superius
1687 2127 1747 2171 de
1780 2127 2098 2184 adspiratione

261 2186 478 2243 loquerer
507 2186 706 2243 ostendi,
736 2187 786 2231 id
820 2202 1004 2244 quoque
1037 2188 1167 2232 illum
1199 2189 1278 2241 (an
1295 2188 1360 2232 ibi
1394 2202 1578 2244 quoque
1608 2187 1736 2231 illam
1748 2187 1789 2243 22)
1825 2187 1915 2231 sibi
1944 2188 2100 2231 locum

261 2245 441 2302 fecisse,
463 2260 568 2291 cum
585 2246 790 2303 alioquin
806 2261 901 2291 non
930 2248 1290 2303 desideraretur,
1320 2251 1374 2291 ut
1403 2249 1452 2291 in
1481 2247 1757 2291 uehemente
1787 2250 1835 2290 et
1864 2247 1914 2290 in
1944 2260 2101 2303 repre-

260 2306 422 2361 hens0,
441 2320 544 2350 cum
563 2321 779 2350 ueemens
801 2310 849 2351 et
864 2321 1112 2364 reprensus
1137 2307 1235 2351 sine
1257 2307 1574 2364 adspiratione
1601 2306 1887 2351 emendatius
1904 2306 2100 2351 dicatur.

260 2379 370 2410 nam
397 2368 496 2409 tam
524 2366 725 2410 militum
758 2381 895 2422 quam
924 2367 1204 2412 rusticorum
1236 2372 1420 2412 coortes
1453 2370 1573 2422 sunt,
1592 2367 1631 2411 si
1649 2367 1836 2423 quidem
1853 2370 1901 2410 et
1926 2366 2100 2409 milites

265 2439 291 2470 6
324 2424 513 2469 rusticis
544 2428 593 2469 et
623 2441 681 2470 ex
717 2426 924 2471 eiusdem
958 2427 1164 2483 regionis
1194 2426 1458 2470 hominibus
1492 2427 1919 2480 conscribebantur,
1962 2429 2015 2469 ut
2054 2428 2102 2470 et

263 2497 515 2540 agnoscere
547 2488 595 2528 et
626 2485 749 2529 tueri
770 2486 974 2530 inuicem
994 2487 1188 2542 possint.
1221 2492 1276 2543 cs.
1297 2486 1558 2530 Cassiodori
1573 2487 1672 2530 Vel.
1684 2485 1832 2543 Long.
1849 2501 1893 2542 p.
1912 2484 2031 2530 2287
2046 2484 2098 2529 P.

266 2543 530 2588 Cassiodori
562 2544 750 2589 Cornut.
781 2560 825 2602 p.
845 2545 962 2590 2286
978 2546 1052 2589 P.:
1083 2546 1332 2590 uehemens
1365 2550 1413 2590 et
1443 2560 1631 2589 uemens
1659 2546 1783 2602 apud
1810 2546 2023 2601 antiquos
2055 2547 2103 2589 et

264 2602 391 2659 apud
420 2602 690 2648 Ciceronem
723 2606 843 2661 lego,
876 2619 1020 2661 aeque
1053 2605 1290 2662 prehendo
1323 2609 1371 2650 et
1400 2605 1594 2662 prendo,
1629 2605 1820 2649 hercule
1851 2609 1900 2648 et
1929 2604 2099 2660 hercle,

262 2662 380 2707 nihil
408 2665 456 2707 et
487 2663 566 2707 nil.
631 2664 746 2709 haec
794 2665 1040 2709 obseruare
1084 2679 1137 2709 ea
1182 2668 1318 2709 tenus
1365 2665 1542 2722 poteris
1575 2664 1913 2709 consuetudine
1943 2664 2101 2721 potius

265 2736 401 2778 quam
433 2722 634 2779 ratione,
670 2723 719 2766 in
761 2723 831 2767 his
871 2725 1122 2782 praecipue
1165 2725 1337 2779 uerbis,
1386 2739 1504 2781 quae
1536 2724 1899 2781 adspirationem
1929 2724 2102 2768 habere

267 2782 453 2826 debent.
515 2781 640 2827 Fest.
673 2782 807 2827 Pauli
835 2798 877 2839 p.
898 2783 957 2827 84
971 2784 1063 2828 M.:
1104 2784 1299 2828 foedum
1331 2784 1512 2840 antiqui
1553 2784 1773 2828 dicebant
1818 2799 1904 2841 pro
1933 2783 2100 2838 hoedo,

264 2841 384 2886 folus
414 2855 509 2898 pro·
534 2842 672 2898 olere,
707 2842 875 2886 fostem
908 2858 990 2900 pro
1022 2844 1170 2899 hoste,
1200 2843 1388 2888 fostiam
1418 2858 1502 2901 pro
1537 2843 1703 2888 hostia.
1736 2859 1781 2901 p.
1800 2843 1852 2888 7:
1885 2843 2002 2888 alica
2035 2843 2103 2886 di.-

265 2900 388 2945 citur
418 2900 543 2957 quod
575 2902 658 2945 alit
690 2916 870 2958 corpus».
905 2918 950 2959 p.
976 2903 1084 2948 102:
1115 2904 1279 2948 hortus
1313 2904 1438 2960 apud
1468 2903 1684 2960 antiquos
1717 2903 1863 2947 omnis
1895 2904 2006 2947 uilla
2034 2903 2102 2946 di-

265 2960 469 3015 cebatur,
502 2961 625 3017 quod
654 2961 722 3005 ibi
753 2962 832 3018 qui
860 2977 988 3006 arma
1021 2977 1186 3020 capere
1227 2964 1410 3020 possint
1451 2963 1700 3007 orirentur.
1765 2963 1898 3007 Char.
1930 2979 1975 3021 p.
1997 2962 2097 3018 103,

264 3019 347 3064 21:
379 3019 554 3064 harena
585 3021 759 3065 dicitur
790 3023 914 3078 quod
945 3023 1139 3067 haereat
1170 3026 1218 3067 et
1249 3037 1391 3067 arena
1422 3022 1546 3079 quod
1578 3027 1720 3079 areat,
1739 3023 1918 3080 gratius
1941 3027 2100 3067 tamen

265 3093 369 3124 cum
415 3078 731 3136 adspiratione
773 3086 920 3126 sonat.
991 3082 1107 3125 Mar.
1140 3083 1261 3127 Vict.
1296 3083 1318 3126 I
1348 3086 1390 3138 4,
1423 3082 1484 3127 84
1512 3098 1555 3139 p.
1575 3082 1693 3126 2466
1712 3083 1786 3127 P.:
1834 3082 1972 3126 uideo
2013 3097 2099 3126 uos

265 3152 401 3196 saepe
432 3141 480 3182 et
513 3153 622 3184 orco
662 3143 710 3183 et
741 3141 995 3186 uulcanoH
1026 3142 1233 3186 litteram
1264 3142 1542 3199 relinquere,
1575 3143 1657 3186 sed
1692 3142 1832 3186 credo
1864 3157 1949 3186 uos
1982 3142 2099 3185 anti-

267 3197 494 3254 quitatem
525 3198 666 3256 sequi.
712 3200 794 3243 sed
824 3215 928 3244 cum
960 3201 1187 3258 asperitas
1219 3205 1354 3246 uetus
1390 3202 1471 3245 illa
1501 3202 1725 3258 paulatim
1756 3201 1815 3245 ad
1851 3201 2101 3258 elegantio-

265 3257 331 3300 ris
362 3257 488 3301 uitae
523 3258 839 3314 sermonisque
869 3263 940 3303 est
970 3261 1125 3304 limam
1149 3261 1395 3318 perpolita,
1426 3262 1492 3305 sic
1522 3276 1606 3304 uos
1640 3275 1821 3317 quoque
1851 3261 1932 3303 has
1962 3273 2102 3303 uoces

268 3315 366 3359 sine
397 3315 441 3360 H
471 3318 726 3362 secundum
746 3319 1128 3363 consuetudinem
1158 3321 1310 3364 nostri
1341 3321 1486 3365 seculi
1516 3321 1722 3364 scribite.
1783 3320 1896 3363 item
1929 3333 2103 3363 corona

267 3388 438 3419 ancora
467 3377 744 3432 sepulcrum,
777 3377 843 3421 sic
877 3383 924 3422 et
955 3393 1071 3434 quae
1099 3379 1143 3422 H
1170 3379 1220 3422 in
1249 3380 1562 3437 adspiratione
1593 3377 1876 3434 desiderant,
1916 3381 1967 3422 ut
1994 3379 2099 3422 bra-

268 3432 423 3485 chium
455 3434 624 3480 cohors
652 3434 825 3480 harena
856 3438 1064 3493 pulcher.
1140 3438 1222 3482 sed
1260 3454 1314 3483 ea
1357 3443 1579 3495 quatenus
1624 3438 1806 3481 debetis
1850 3439 2099 3481 obseruare

266 3491 519 3549 ignoratiS,
562 3494 742 3550 inducti
783 3495 980 3540 fortasse
1030 3511 1083 3540 eo
1131 3498 1255 3552 quod
1301 3498 1480 3555 legistis
1528 3500 1830 3553 praeceptum
1883 3496 2093 3553 antiquo-

269 3564 386 3606 rum,
424 3550 502 3607 qui
547 3552 679 3597 aiunt
726 3553 870 3598 scribi
909 3555 1095 3612 quidem
1137 3557 1348 3601 omnibus
1383 3556 1555 3601 litteris
1599 3559 1831 3613 oportere,
1874 3555 1934 3599 inv
1962 3566 2101 3599 enun-

267 3609 426 3655 tiando
461 3613 615 3655 autem
648 3613 866 3669 quasdam
900 3614 1079 3659 litteras
1113 3614 1297 3671 elidere,
1331 3616 1379 3659 in
1412 3629 1502 3672 quo
1529 3648 1538 3658 .
1563 3649 1599 3657 ..
1631 3615 1702 3658 bis
1733 3615 1953 3674 peccatis,
1977 3613 2100 3673 quod
