2358 4016
1218 361 1284 406 60

333 525 464 559 sano
487 506 546 576 ¹).
585 504 827 559 Glaucus
849 503 1063 559 Samius
1084 505 1126 570 2)
1161 506 1305 559 idem
1344 507 1511 559 fuisse
1547 507 1766 560 uidetur
1805 528 1865 561 ac
1902 507 2150 562 Glaucon

334 596 516 665 TeiuS,
552 603 612 648 ut
652 596 765 648 eius
802 597 1029 667 patriam
1062 605 1277 650 ueteres
1318 615 1426 649 non
1463 603 1612 649 certo
1653 598 1965 669 explorasse
2003 599 2150 652 uide·

337 694 511 755 antur,
553 703 712 758 quem
748 686 1076 739 Aristoteles
1092 687 1135 755 3)
1191 688 1256 739 de
1293 687 1505 739 actione
1541 687 1632 740 uel
1676 688 1742 741 de
1777 706 1878 742 usu
1911 690 2064 742 uocis
2099 689 2157 742 in

337 777 569 829 dicendo
608 776 887 846 scripsisse
925 784 1153 830 testatur
1187 777 1527 848 eundemque
1579 778 1776 831 librum
1816 780 1909 832 uel
1942 780 2156 850 Tyran-

332 867 423 920 nio
468 867 558 918 uel
592 866 771 918 Varro
825 866 1079 938 inspexit.
1153 867 1427 920 Theodori
1463 868 1729 938 Byzantii,
1786 887 1946 939 quem
1993 870 2154 925 Plato

334 956 590 1024 (Phaedr.
627 974 679 1026 p.
720 956 822 1009 226
841 957 910 1021 Ε)
963 956 1343 1023 λογοὸαίὸαλον
1384 967 1577 1027 uocat,-
1616 968 1786 1013 artem
1827 961 2154 1014 rhetoricam

335 1046 428 1114 (ef.
466 1047 696 1116 Dionys.
735 1046 1211 1100 Ha1.deisa0021
1242 1069 1293 1119 p.
1320 1049 1418 1101 211
1442 1049 1598 1120 sylb.
1639 1031 1932 1105 cic.'B1-ut.
1969 1047 2155 1121 12‚48.

331 1136 392 1189 L.
417 1137 666 1208 Spengel
702 1144 799 1190 art.
836 1138 1020 1210 script.
1058 1158 1110 1210 p.
1133 1140 1200 1192 98
1233 1140 1334 1212 sq.)
1375 1141 1433 1194 in
1462 1160 1619 1193 usum
1659 1161 1815 1194 suum
1831 1141 2154 1210 Varronem,

332 1235 391 1280 ut
426 1227 500 1280 ita
537 1228 816 1282 breuitatis
857 1231 1017 1283 causa
1052 1230 1261 1302 loquar,
1287 1232 1620 1285 conuertisse
1645 1240 1793 1304 put0‚
1828 1252 1957 1286 nam
1977 1233 2163 1287 Theo·⁴

336 1318 529 1372 dorum
569 1309 629 1369 οἷ)
678 1316 733 1369 τὸ
784 1317 1119 1387 φωνασκικὸν
1158 1319 1372 1389 φέρεται
1415 1322 1619 1386 βιβλίον
1657 1320 1924 1389 πάγκαλον
1957 1323 2158 1393 (Laert.

332 1410 499 1481 Diog.
538 1412 601 1464 II
627 1410 747 1480 103)
789 1410 1139 1465 Gadarenum
1177 1414 1269 1465 uel
1302 1413 1572 1467 Rhodium
1608 1413 1696 1479 (cf.
1718 1413 1904 1481 Quint.
1929 1413 2017 1466 III
2042 1414 2089 1482 Ι,
2111 1414 2158 1468 7.

336 1500 404 1553 G.
428 1500 818 1554 Westermann
854 1503 1040 1572 gesch.
1073 1502 1123 1555 d.
1146 1503 1399 1556 beredsk.
1441 1504 1470 1556 I
1499 1524 1550 1576 p.
1575 1504 1673 1558 186
1698 1506 1799 1574 sq.)
1839 1504 2004 1557 fuisse
2035 1504 2157 1557 ueri

506 1746 546 1802 1)
578 1747 646 1790 De
682 1747 959 1803 Epicharmo
991 1747 1257 1789 litterarum
1290 1747 1532 1790 inuentore
1561 1747 1654 1791 uid.
1674 1747 1897 1792 Plin.VII
1918 1748 2017 1792 192.
2060 1747 2156 1811 Vilss

334 1824 483 1868 loison
529 1827 686 1870 anecd.
720 1842 787 1883 gr.
829 1827 871 1870 ΙΙ
901 1843 944 1883 Ρ,
979 1826 1079 1871 187.
1141 1827 1324 1870 Bekker
1367 1828 1525 1871 anecd.
1557 1842 1627 1884 gr.
1658 1828 1701 1870 II
1731 1843 1775 1884 p.
1803 1827 1913 1874 782..
1973 1810 2161 1872 Cramer

333 1906 491 1950 anecd.
527 1905 671 1950 Oxon.
706 1907 795 1949 1111
824 1923 868 1964 p.
897 1890 998 1950 400.
1061 1908 1116 1951 cl.
1150 1907 1184 1950 I.
1212 1906 1360 1950 Franz
1394 1908 1523 1951 elem.
1557 1907 1792 1964 epigraph.
1823 1922 1974 1965 graec.
2007 1922 2052 1964 p.
2086 1899 2158 1950 21.

331 1986 382 2029 F.
415 1985 469 2029 A.
499 1985 630 2030 Wolf
652 1987 828 2042 proleg.
862 1986 920 2029 ad
949 1987 1083 2030 Hom.
1119 2002 1162 2043 p.
1188 1987 1348 2031 LXIII.
1411 1987 1457 2031 C.
1494 1987 1526 2030 Ι.
1566 1987 1736 2043 Grysar
1771 1987 1830 2030 de
1861 1985 2157 2031 Doriensium

334 2081 450 2111 com.
482 2081 526 2123 p.
546 2066 633 2110 157
657 2081 723 2123 sq.
788 2067 839 2110 G.
871 2068 1138 2124 Bernhardy
1169 2068 1341 2125 griech.
1375 2069 1464 2113 litt.
1498 2068 1542 2111 II
1571 2068 1598 2111 2
1627 2084 1673 2125 Ρ.
1693 2067 1794 2112 461.

498 2146 542 2202 2)
573 2146 711 2189 Alius
734 2151 835 2190 erat
867 2147 1064 2192 Glaucus
1096 2147 1329 2205 Rheginus
1368 2148 1444 2191 uel
1475 2148 1632 2201 Italus,
1672 2146 1930 2191 Democriti
1961 2144 2158 2189 Abderi-

332 2228 409 2270 tae
446 2227 651 2282 aequalis
685 2227 854 2279 (Laert.
886 2227 1023 2284 Diog.
1057 2228 1186 2271 VIIII
1213 2228 1288 2284 38)
1332 2228 1410 2284 qui
1455 2227 1641 2284 scripsit
1678 2230 1783 2283 περὶ
1815 2227 1920 2274 [τῶν
1955 2223 2160 2284 ἀρχαῑων

333 2307 533 2360 ποιητῶν
559 2321 606 2350 τε
637 2310 713 2351 καὶ
740 2309 976 2365 μουσικῶν
1013 2307 1148 2361 (Plut.
1184 2308 1240 2351 de
1271 2323 1386 2351 mus,
1416 2307 1447 2351 4
1477 2308 1532 2353 cl.
1565 2307 1647 2354 uit.
1680 2307 1723 2350 X
1754 2309 1867 2351 orat.
1898 2321 1944 2362 p.
1965 2304 2053 2351 833
2077 2305 2155 2360 D).

333 2386 391 2431 cf.
423 2386 476 2430 R
499 2387 755 2430 Volkmann
785 2387 926 2444 praef
945 2388 1065 2439 Plut.
1099 2388 1156 2436 de
1188 2403 1298 2431 mus.
1317 2403 1361 2444 p.
1380 2388 1479 2431 XII.
1510 2388 1564 2432 E.
1586 2386 1732 2431 Meier
1763 2401 1916 2443 opusc.
1936 2386 2039 2451 ΙΙΡ.
2054 2385 2154 2443 159.

500 2465 548 2522 3)
580 2466 647 2527 De
681 2466 943 2510 nominibus
960 2467 1155 2511 Glaucus
1189 2471 1236 2511 et
1255 2468 1459 2511 Glaucon
1489 2466 1582 2510 uid.
1615 2467 1677 2509 M.
1700 2466 2010 2523 Sengebusch.
2046 2466 2155 2539 diss.

334 2546 465 2590 Hom.
497 2547 517 2589 1
546 2562 591 2603 p.
610 2547 712 2591 208.
748 2548 804 2592 cf.
838 2547 1019 2592 Ritschl
1051 2548 1108 2591 de
1140 2547 1230 2591 Oro
1263 2552 1309 2591 et
1342 2529 1511 2591 Orione
1538 2563 1582 2604 p.
1606 2531 1718 2602 3sq.
1747 2545 2018 2590 ——Aristot
2038 2520 2158 2590 rhet.

332 2627 398 2669 III
425 2622 473 2670 1:
506 2632 655 2684 τρίτον
686 2629 736 2671 δὲ
769 2622 954 2683 τούτων,
985 2625 1008 2672 ὃ
1043 2623 1240 2672 ὃῦινειιιιν
1271 2628 1362 2687 μὲν
1393 2629 1487 2686 ἔχει
1517 2631 1740 2686 μεγίστην
1771 2617 1899 2671 odam
1931 2626 1973 2669 δ’
2006 2627 2158 2670 ἐπικε-

329 2712 548 2765 χείρηται,
587 2705 641 2750 τὰ
682 2712 786 2766 περὶ
825 2706 907 2763 τὴν
950 2701 1192 2765 ὑπόκρισιν
1223 2741 1401 2754 .....
1437 2709 1575 2762 δῆλον
1612 2700 1693 2750 οὖν
1733 2703 1801 2750 ὅτι
1841 2709 1918 2749 καὶ
1945 2708 2051 2764 περὶ
2079 2700 2160 2761 τὴν

335 2783 572 2846 ῥητορικήν
602 2789 696 2831 ἐστι
725 2786 775 2831 τὸ
805 2789 1008 2832 τοιοῦτον
1040 2785 1195 2845 ὥσπερ
1224 2791 1299 2830 καὶ
1330 2790 1435 2844 περὶ
1463 2784 1544 2841 τὴν
1577 2782 1834 2841 ποιητικήν·
1866 2782 1980 2844 ὅπερ
2002 2785 2160 2845 ’ἕτεροί

334 2883 448 2916 τινες
479 2865 931 2927 ἐπραγματεύθησαν
963 2873 1037 2912 καὶ
1069 2864 1283 2912 Γλαύκων
1313 2867 1336 2912 ὁ
1375 2863 1518 2922 Τήιος.
1554 2869 1648 2910 ἔστι
1680 2868 1732 2910 δὲ
1763 2864 1873 2922 αὐτὴ
1904 2867 1996 2926 μὲν
2027 2867 2078 2911 ἐν
2100 2867 2158 2926 ,τῇ

335 2950 480 3009 φωνῇ,
530 2951 626 2996 πῶς
660 2946 768 3010 αὐτῇ
801 2950 873 2992 δεῖ
896 2950 1101 3007 χρῆσθαι
1132 2946 1247 3005 πρὸς
1282 2947 1474 2992 ἕκαστον
1509 2942 1676 3002 mio-09,
1712 2943 1809 2990 οἷον
1839 2941 1950 2991 πότε
1981 2941 2158 3006 μεγάλῃ

335 3033 410 3073 καὶ
440 3024 551 3073 πότε
584 3031 725 3088 μικρᾷ
769 3033 845 3072 καὶ
886 3025 997 3073 πότε
1032 3033 1168 3088 μέσῃ,
1215 3032 1290 3072 καὶ
1320 3029 1416 3076 πῶς
1446 3033 1537 3076 τοῖς
1576 3023 1735 3093 τόνοις,
1791 3023 1888 3071 οἷον
1929 3023 2050 3084 ὀξείᾳ
2082 3031 2157 3071 καὶ

334 3114 492 3168 βαρείᾳ
525 3113 599 3152 καὶ
629 3113 765 3169 μέσῃ,
799 3113 874 3152 καὶ
906 3112 1098 3168 ῥυθμοῖς
1129 3114 1217 3152 τίσι
1249 3106 1361 3166 πρὸς
1395 3107 1600 3162 ἕκαστον,
1634 3111 1686 3150 ut
1716 3107 1914 3151 fortasse
1941 3106 2157 3150 aGlauco

336 3190 612 3233 Aristoteles
655 3190 852 3232 mediam
896 3189 1161 3246 prosodiam
1209 3188 1513 3232 transtulerit.
1589 3187 1748 3231 Glauci
1796 3186 1909 3230 artis
1951 3186 2162 3229 meminit
2217 3201 2236 3206 ·

336 3270 477 3314 schol.
506 3269 623 3312 Plat.
655 3269 824 3312 Phaed.
861 3270 920 3325 (p.
951 3267 1106 3323 1081))
1143 3283 1187 3323 Ρ.
1207 3268 1295 3311 234
1316 3268 1494 3310 Herm:
1543 3269 1638 3310 ἔστι
1669 3268 1721 3310 δὲ
1754 3270 1828 3309 καὶ
1860 3266 1989 3322 ἑτέρα
2022 3268 2158 3322 τέχνη

335 3345 634 3408 γραμμάτων,
669 3348 724 3405 ἢν
754 3347 1016 3394 ἀνατιθέασι
1054 3345 1239 3405 Γλαύκῳ
1274 3353 1455 3406 Σαίιιίῳ,
1497 3345 1579 3406 ἀφ’
1615 3335 1661 3401 ἧς
1692 3352 1800 3394 ἴσως
1832 3349 1905 3388 καὶ
1938 3344 1963 3400 ἡ
1995 3361 2160 3402 παροι-

336 3435 421 3487 μία
455 3425 660 3484 διεδόθη.
723 3430 773 3474 cf
811 3430 978 3473 Zenob.
1011 3429 1054 3471 II
1075 3429 1145 3471 91.
1202 3429 1322 3471 hunc
1351 3442 1493 3484 praue
1525 3426 1733 3470 confudit
1764 3425 2012 3469 scholiasta
2055 3439 2160 3468 cum

339 3511 512 3556 Glauco
543 3510 669 3565 Chio,
699 3524 833 3566 quem
863 3508 1085 3553 Herodot
1118 3508 1139 3550 Ι
1162 3507 1219 3551 25
1253 3507 1327 3563 (cf.
1360 3508 1551 3550 Pausan.
1584 3505 1715 3559 X16,
1742 3505 1785 3559 1)
1835 3499 2022 3564 σιδήρου
2050 3499 2158 3548 κόλ-

338 3593 467 3644 λησιν
497 3588 725 3633 inuenisse
755 3588 882 3632 dicit.
917 3588 995 3642 (cf
1029 3587 1102 3630 Fr.
1139 3586 1291 3629 Osann
1325 3586 1483 3630 anecd.
1516 3592 1630 3628 rom.
1664 3598 1706 3641 p.
1729 3584 1856 3641 301.)
