2372 4082
1155 326 1255 374 215

292 475 609 546 egredimur
660 480 746 530 ut*
779 495 847 530 ex
900 494 1043 544 area,
1078 475 1167 529 ‘in'
1206 475 1389 528 locum
1435 475 1491 527 in
1532 492 1694 544 quem
1741 475 1942 528 ibimus
1976 484 2036 528 ut
2072 478 2128 530 in

289 585 490 635 aream,
512 567 613 619 ‘ad’
636 567 820 620 locum
858 566 927 619 ad
968 583 1130 635 quem
1170 565 1381 619 adimus
1419 574 1479 619 ut
1503 567 1571 620 ad
1603 568 1885 638 parietem,
1927 567 2026 622 ‘ab’
2050 569 2127 621 lo·

291 676 413 712 cum
449 677 481 710 a
522 676 629 729 quo
665 657 993 710 discedimus
1032 663 1098 708 ut
1131 676 1162 708 a
1196 656 1422 728 pariete.
1510 657 1704 710 horum
1754 657 1984 711 duorum
2036 660 2125 712 ad-

291 749 624 824 uerbioruma
661 766 732 801 ex
766 755 819 801 et
857 748 940 816 ab,
977 746 1307 817 posteriores
1342 747 1535 800 literae
1574 747 1753 800 solent
1793 747 1954 817 demi,
1994 750 2126 801 alias

227 843 257 890 5
294 847 446 893 recte
496 839 630 892 alias
665 857 972 911 perperam.
1050 839 1263 908 quando
1323 856 1456 908 ergo
1517 855 1603 907 ex,
1658 838 1872 909 quando
1932 857 1960 891 e
2017 839 2124 892 dici

288 937 536 1002 oporteat
557 948 628 983 ex
654 929 1108 1001 consequentibus
1131 928 1412 982 uocabulis
1447 928 1912 981 animaduertitur.
1947 932 1954 995 Ι
1987 929 2120 981 item

298 1026 355 1072 et
391 1019 565 1091 ‘apud’
603 1021 786 1073 locum
835 1020 1108 1091 significat
1154 1028 1239 1073 ut:
1298 1019 1522 1085 [accede
1567 1019 1635 1072 ad
1672 1024 1779 1086 ine]
1824 1021 1915 1089 qui
1955 1021 2124 1073 domi-

290 1111 400 1164 nati
453 1110 599 1183 apud
652 1128 738 1163 me
795 1118 935 1178 sunt,
983 1110 1127 1183 apud
1174 1111 1330 1164 illum
1388 1119 1485 1164 est.
1567 1110 1667 1163 ‘de’
1718 1129 1935 1182 quoque
1992 1129 2123 1163 non-

288 1192 583 1271 numquam
602 1220 701 1273 pro
742 1200 804 1254 ‘a’
847 1201 1087 1273 ponitur,
1118 1208 1170 1254 et
1206 1220 1613 1272 nonnumquam
1635 1221 1733 1274 pro
1758 1202 1879 1269 ‘ex’,
1920 1220 2019 1272 pro
2061 1203 2120 1253 ‘a'

201 1298 260 1343 10
289 1299 350 1346 ut
383 1292 442 1348 in
474 1292 579 1344 hoc
613 1333 625 1344 .
658 1333 669 1344 .
693 1334 704 1346 .
727 1331 738 1343 .
784 1292 871 1345 ‘de
893 1292 1176 1364 prouincia
1196 1292 1402 1345 uenire’
1443 1292 1533 1362 qui
1566 1310 1624 1344 se
1662 1291 1810 1360 dicit,
1847 1311 1970 1344 nam
2008 1310 2125 1363 per.-

267 1400 477 1454 -peram
531 1390 628 1450 est,
675 1382 815 1436 imus
869 1382 1014 1435 enim
1065 1383 1121 1435 in
1167 1382 1509 1455 prouinciam
1557 1390 1617 1435 ut
1655 1383 1711 1434 in
1746 1400 1943 1435 nauem
1978 1383 2124 1435 etin

289 1472 513 1538 circum,
534 1473 746 1527 eximus
781 1480 842 1526 ut
879 1492 908 1527 0
942 1491 1080 1527 113110
1120 1492 1149 1527 0
1190 1474 1334 1527 circo
1377 1474 1453 1526 sic
1492 1492 1520 1526 e
1558 1473 1857 1545 prouincia.
1894 1473 1963 1526 de
2000 1493 2122 1544 pro.-

286 1558 465 1618 uincia
503 1563 873 1618 existimamus
912 1583 1034 1618 cum
1074 1564 1142 1618 de
1180 1582 1243 1618 ea
1278 1566 1419 1619 bene
1442 1572 1533 1617 aut
1559 1565 1699 1618 male
1728 1565 2122 1634 praedicamuS,

289 1749 435 1800 muta,
471 1747 724 1791 obseruare
756 1746 853 1791 dixi
884 1749 1120 1804 oportere.
1181 1747 1248 1791 ita
1281 1747 1330 1790 in
1360 1746 1433 1799 his
1466 1747 1607 1791 debet
1637 1746 1754 1800 fieri,
1788 1750 1841 1790 ut
1872 1750 1946 1790 est
1981 1762 2006 1791 e
2037 1747 2124 1792 Va—

291 1806 447 1851 ticano
480 1821 504 1849 e
539 1805 726 1850 Iudaea.
802 1807 874 1850 sin
904 1807 1188 1851 uocabulum
1219 1808 1332 1851 duas
1364 1806 1549 1850 uocales
1583 1807 1795 1863 proxime
1826 1814 1920 1850 non
1950 1807 2123 1851 habue-

234 1875 237 1877 “
287 1866 353 1910 rit
382 1865 670 1919 coniunctas,
714 1880 912 1922 quorum
954 1866 1014 1910 sit
1050 1866 1212 1910 littera
1256 1867 1474 1922 princeps
1504 1865 1546 1910 V
1575 1869 1656 1909 aut
1686 1867 1708 1909 I
1749 1867 1947 1923 proinde
1981 1869 2122 1923 atque

290 1925 390 1969 ΑΕ
409 1924 445 1969 O
477 1925 540 1968 sit
567 1925 928 1978 obseruandum,
974 1926 1098 1982 quod
1142 1925 1300 1982 potius
1343 1926 1438 1969 dici
1469 1928 1660 1982 oportet
1692 1941 1748 1969 ex
1780 1926 1952 1982 Irpinis
1986 1942 2123 1982 quam

288 1999 315 2034 e
343 1984 531 2042 Irpinis,
565 2000 622 2029 ex
651 1984 847 2029 Vmbria
879 1999 1017 2041 quam
1049 2000 1074 2028 e
1103 1984 1311 2030 Vmbria.
1374 1985 1590 2028 similiter
1622 1985 1669 2028 in
1698 1985 1743 2028 H
1771 1986 1933 2030 littera
1962 1986 2122 2029 obser-

289 2045 397 2090 uari
427 2044 582 2097 debet,
613 2047 668 2087 ut
699 2044 750 2087 in
778 2044 821 2087 A
850 2044 891 2088 E
921 2045 956 2089 Ο
990 2045 1178 2097 litteris,
1225 2060 1283 2089 ne
1316 2045 1524 2088 dicamus
1556 2060 1580 2088 e
1607 2045 1832 2101 Hymetto
1863 2046 2121 2100 (hymaesto

289 2105 356 2149 bis
387 2104 444 2162 B)
478 2104 561 2148 sed
594 2118 652 2148 ex
681 2104 922 2160 Hymetto.
973 2104 1190 2147 similiter
1223 2108 1294 2148 est
1326 2105 1374 2147 in
1407 2105 1509 2148 ‘ab’.
1551 2105 1827 2160 quibusdam
1857 2105 2122 2162 diligentio-

285 2163 418 2208 ribus
447 2163 659 2208 leuitatis
691 2178 831 2207 causa
859 2164 981 2207 solet
1000 2164 1124 2207 demi
1143 2164 1180 2206 B
1203 2166 1252 2220 (p
1278 2166 1346 2219 Β),
1384 2178 1490 2208 011111
1518 2165 1815 2221 propositum
1836 2176 1898 2207 esc
1919 2166 2121 2212 uocabu-

290 2221 349 2269 lis
381 2226 462 2267 aut
492 2222 758 2267 nominibus
790 2223 1016 2266 locorum.
1045 2234 1050 2238 ’
1078 2223 1127 2266 111
1159 2224 1326 2279 quibus
1361 2223 1599 2280 principes
1631 2226 1740 2267 sunt
1767 2225 1956 2267 litterae
1988 2225 2122 2267 semi-

289 2282 590 2334 uocalesaut
618 2285 790 2335 mutae,
826 2297 928 2326 eam
958 2283 1232 2339 repudiant:
1266 2283 1672 2339 aBaiis,aCapua,
1707 2283 1972 2326 aDertona.
2015 2298 2122 2327 eon-

290 2345 368 2388 tra
397 2357 494 2387 non
525 2342 730 2386 demitur
758 2342 811 2394 B,
845 2357 951 2386 cum
982 2343 1031 2385 in
1062 2343 1304 2387 uocabulis
1341 2346 1422 2386 aut
1456 2343 1721 2387 nominibus
1753 2346 1825 2386 est
1856 2345 2060 2399 primum
2079 2343 2121 2386 A

284 2400 389 2454 EO,
421 2405 476 2445 ut
506 2403 564 2446 ab
586 2401 760 2454 Aricia,
795 2402 854 2446 ab
874 2401 1003 2445 Elea.
1067 2402 1138 2445 sin
1162 2402 1200 2445 V
1231 2406 1312 2446 aut
1339 2402 1375 2455 Ι,
1409 2403 1645 2459 duplicem
1671 2403 1846 2446 habent
1876 2403 2119 2446 rationem.

286 2460 328 2514 ei
362 2461 486 2506 enim
517 2464 627 2509 sunt
659 2461 799 2512 solae,
836 2461 1058 2505 dicuntur
1092 2465 1145 2505 ut
1176 2462 1383 2518 reliquae
1414 2463 1624 2506 uocales:
1672 2463 1730 2506 ab
1763 2462 1891 2518 Apso
1923 2463 1982 2506 ab
2011 2462 2120 2516 Illy-

287 2520 394 2569 rico
418 2521 580 2579 (ababs
598 2520 731 2569 abilli
750 2521 854 2564 dico
875 2520 945 2578 Β).
978 2522 1049 2564 sin
1078 2522 1316 2577 proximas
1348 2522 1534 2566 litteras
1562 2522 1750 2565 uocales
1771 2536 1928 2565 secum
1944 2521 2120 2565 habent

283 2579 572 2632 coniunctas,
603 2579 803 2636 proinde
835 2581 1182 2624 obseruandum
1213 2584 1299 2635 est,
1350 2596 1409 2625 an
1438 2582 1532 2625 sint
1575 2581 1890 2633 semiuoealeS‚
1924 2596 1983 2627 an
2022 2596 2120 2624 mu-

283 2641 382 2684 tae:
435 2651 462 2683 a
501 2638 729 2692 Venusia,
777 2654 803 2682 a
846 2639 1069 2683 Ianiculo.
1141 2639 1285 2684 item
1327 2643 1429 2684 et.
1465 2677 1472 2684 .
1511 2675 1521 2684 .
1562 2656 1668 2697 pro
1709 2641 1900 2684 Roma.
1964 2641 2119 2697 singu-

285 2698 398 2743 laris
428 2713 650 2743 numerus
682 2713 768 2755 per
796 2713 937 2741 unam
967 2699 991 2742 Ι
1021 2699 1231 2742 litteram
1267 2701 1512 2745 scribitur:
1548 2700 1714 2744 docilis
1736 2701 1899 2751 facilis,
1920 2699 2117 2756 pluralis

283 2760 442 2808 autem
469 2773 555 2815 per
584 2758 626 2802 E
665 2758 751 2802 etI
782 2761 835 2801 ut
865 2757 1044 2802 facileis
1077 2759 1286 2812 docileis‚
1322 2763 1375 2803 ut
1406 2775 1464 2804 ex
1491 2760 1582 2804 hoc
1616 2763 1840 2817 appareat
1869 2760 2119 2816 singularis

281 2820 443 2863 utrum
474 2817 616 2875 (idem
648 2835 766 2862 corr.
791 2822 839 2862 in
867 2819 983 2861 item
1005 2819 1058 2875 B)
1093 2819 1155 2862 sit
1187 2819 1441 2875 appellatio
1473 2835 1532 2863 an
1565 2820 1777 2876 pluralis.
1811 2819 1979 2871 aureis,
2006 2834 2119 2875 quas

284 2877 424 2922 modo
456 2877 661 2922 aetheris
695 2877 957 2929 scribimus,
995 2878 1134 2923 modo
1167 2878 1335 2935 quibus
1369 2879 1582 2922 audimus
1622 2879 1873 2935 (quomodo
1906 2878 2118 2922 audimus

284 2937 454 2994 quibus
469 2939 539 2991 B).
571 2951 658 2980 nec
693 2937 769 2994 (ne
792 2938 846 2992 B)
888 2938 1040 2980 minus
1071 2952 1098 2980 a
1127 2939 1262 2982 nobis
1295 2938 1317 2981 I
1349 2939 1599 2996 singularis
1639 2939 1688 2982 in
1722 2938 1886 2982 fraude
1917 2938 2117 2994 produci

282 2998 455 3052 potest,
476 2999 530 3040 ut
560 2996 682 3040 uidis
713 2995 833 3052 (uidi
845 2998 895 3053 B)
911 2996 1150 3041 scribitur.
1183 2997 1223 3040 si
1242 3000 1400 3041 autem
1429 3012 1535 3041 cum
1564 2998 1763 3042 eademI
1782 2998 1958 3050 littera,
1992 2997 2118 3040 aliud

424 3168 452 3213 6
491 3169 689 3228 oportet
719 3181 780 3212 ex
805 3166 1135 3214 consonantib.
1160 3167 1412 3215 uocalibus
1435 3167 1485 3214 B
1508 3168 1531 3223 ΙΙ
1557 3169 1586 3212 7
1625 3165 1995 3226 significandum
2015 3164 2065 3210 B
2089 3161 2115 3222 Η

284 3238 322 3290 9,
350 3251 443 3298 pro
478 3252 538 3283 ex
587 3239 635 3283 et
681 3251 1029 3298 nonnunquam
1062 3235 1112 3284 Β
1150 3231 1173 3301 Ι]
1209 3254 1301 3300 pro
1352 3255 1381 3284 a
1425 3240 1482 3283 ut
1531 3238 1581 3282 in
1621 3235 1713 3282 hac
1766 3234 2019 3297 prouincia
2060 3250 2117 3279 ex

282 3303 538 3368 prouincia
572 3307 741 3354 uenire
778 3304 828 3352 B
879 3307 1104 3354 lacunam
1156 3308 1434 3369 siymficauz'
1480 3321 1574 3366 qua
1609 3304 1828 3363 exempla
1879 3303 2114 3369 quaedam

281 3377 660 3435 praepositionis
697 3377 755 3424 de
783 3392 882 3436 pro
922 3391 953 3423 a
981 3378 1169 3436 positae
1205 3381 1250 3426 et
1285 3379 1462 3425 uerba:
1495 3377 1665 3438 peccat
1701 3374 1845 3420 etiam
1885 3370 1967 3434 (de
1994 3385 2112 3430 pro-

260 3445 449 3493 'uincia
479 3448 648 3494 uenire
685 3461 724 3494 e.
762 3462 806 3507 q.
843 3439 908 3508 8.)
950 3447 1184 3543 excidis?
1222 3448 1450 3496 uidentur
1474 3446 1498 3505 ΙΙ
1519 3459 1729 3507 perpera
1765 3441 1883 3488 inB
1906 3435 1930 3503 Η
1958 3443 2020 3486 10
2057 3442 2113 3486 ut

276 3554 329 3602 in
351 3555 530 3604 circum
546 3556 596 3605 B
616 3549 642 3621 ΙΙ
670 3560 728 3605 11
755 3558 940 3605 eximus
966 3559 1017 3605 in
1037 3572 1164 3619 naue
1189 3555 1293 3622 (bm
1305 3557 1506 3607 anu-alt.
1523 3551 1800 3618 suprascr.)
1842 3554 1968 3600 circo
1990 3551 2039 3599 Β
2083 3547 2111 3610 ΙΙ
