<?xml version="1.0" encoding="UTF-8"?>
<!DOCTYPE html PUBLIC "-//W3C//DTD XHTML 1.0 Transitional//EN"
    "http://www.w3.org/TR/xhtml1/DTD/xhtml1-transitional.dtd">
<html xmlns="http://www.w3.org/1999/xhtml" xml:lang="en" lang="en">
 <head>
  <title>
</title>
<meta http-equiv="Content-Type" content="text/html;charset=utf-8" />
  <meta name='ocr-system' content='tesseract 3.04.00' />
  <meta name='ocr-capabilities' content='ocr_page ocr_carea ocr_par ocr_line ocrx_word'/>
</head>
<body>
  <div class='ocr_page' id='page_1' title='image "./demterentivarron00wilmuoft_0136.png"; bbox 0 0 2222 4056; ppageno 0'>
   <div class='ocr_carea' id='block_1_1' title="bbox 1076 322 1174 379">
    <p class='ocr_par' dir='ltr' id='par_1_1' title="bbox 1076 322 1174 379">
     <span class='ocr_line' id='line_1_1' title="bbox 1076 322 1174 379; baseline -0.01 -12"><span class='ocrx_word' id='word_1_1' title='bbox 1076 322 1174 379; x_wconf 64' lang='grc' dir='ltr'><strong>124ἰ</strong></span> 
     </span>
    </p>
   </div>
   <div class='ocr_carea' id='block_1_2' title="bbox 210 460 2044 2799">
    <p class='ocr_par' dir='ltr' id='par_1_2' title="bbox 210 460 2044 2709">
     <span class='ocr_line' id='line_1_2' title="bbox 222 460 2041 541; baseline -0.007 -16"><span class='ocrx_word' id='word_1_2' title='bbox 222 491 345 525; x_wconf 90' lang='lat' dir='ltr'><strong>cum</strong></span> <span class='ocrx_word' id='word_1_3' title='bbox 391 488 551 541; x_wconf 86' lang='lat' dir='ltr'><strong>quam</strong></span> <span class='ocrx_word' id='word_1_4' title='bbox 586 469 644 522; x_wconf 92' lang='lat' dir='ltr'><strong>in</strong></span> <span class='ocrx_word' id='word_1_5' title='bbox 681 474 854 520; x_wconf 88' lang='lat' dir='ltr'><strong>metro</strong></span> <span class='ocrx_word' id='word_1_6' title='bbox 900 473 1222 539; x_wconf 87' lang='lat' dir='ltr'><strong>potestatem</strong></span> <span class='ocrx_word' id='word_1_7' title='bbox 1261 463 1558 517; x_wconf 80' lang='lat' dir='ltr'>continent.</span> <span class='ocrx_word' id='word_1_8' title='bbox 1637 469 1691 515; x_wconf 91' lang='lat' dir='ltr'><strong>et</strong></span> <span class='ocrx_word' id='word_1_9' title='bbox 1728 460 1783 514; x_wconf 89' lang='lat' dir='ltr'><strong>K</strong></span> <span class='ocrx_word' id='word_1_10' title='bbox 1819 461 2041 533; x_wconf 82' lang='lat' dir='ltr'><strong>quidem</strong></span> 
     </span>
     <span class='ocr_line' id='line_1_3' title="bbox 219 557 2041 634; baseline -0.005 -20"><span class='ocrx_word' id='word_1_11' title='bbox 219 580 438 634; x_wconf 89' lang='lat' dir='ltr'><strong>prorsus</strong></span> <span class='ocrx_word' id='word_1_12' title='bbox 486 576 821 631; x_wconf 87' lang='lat' dir='ltr'><strong>superuacua</strong></span> <span class='ocrx_word' id='word_1_13' title='bbox 857 557 951 610; x_wconf 90' lang='lat' dir='ltr'><strong>est’</strong></span> <span class='ocrx_word' id='word_1_14' title='bbox 990 575 1035 611; x_wconf 90' lang='lat' dir='ltr'><strong>e.</strong></span> <span class='ocrx_word' id='word_1_15' title='bbox 1077 576 1126 627; x_wconf 88' lang='lat' dir='ltr'><strong>q.</strong></span> <span class='ocrx_word' id='word_1_16' title='bbox 1162 575 1202 608; x_wconf 86' lang='lat' dir='ltr'><strong>S.</strong></span> <span class='ocrx_word' id='word_1_17' title='bbox 1255 572 1389 624; x_wconf 88' lang='lat' dir='ltr'><strong>quae</strong></span> <span class='ocrx_word' id='word_1_18' title='bbox 1445 572 1566 606; x_wconf 92' lang='lat' dir='ltr'><strong>cum</strong></span> <span class='ocrx_word' id='word_1_19' title='bbox 1603 570 1666 606; x_wconf 90' lang='lat' dir='ltr'><strong>ea</strong></span> <span class='ocrx_word' id='word_1_20' title='bbox 1701 570 1836 622; x_wconf 88' lang='lat' dir='ltr'><strong>quae</strong></span> <span class='ocrx_word' id='word_1_21' title='bbox 1878 571 2041 624; x_wconf 81' lang='lat' dir='ltr'><strong>supra</strong></span> 
     </span>
     <span class='ocr_line' id='line_1_4' title="bbox 221 641 2040 723; baseline -0.005 -19"><span class='ocrx_word' id='word_1_22' title='bbox 221 651 412 723; x_wconf 83' lang='lat' dir='ltr'><strong>scripsi</strong></span> <span class='ocrx_word' id='word_1_23' title='bbox 467 649 762 721; x_wconf 81' lang='lat' dir='ltr'><strong>excipiant,</strong></span> <span class='ocrx_word' id='word_1_24' title='bbox 816 666 886 701; x_wconf 89' lang='lat' dir='ltr'><strong>ne</strong></span> <span class='ocrx_word' id='word_1_25' title='bbox 939 646 1209 700; x_wconf 82' lang='lat' dir='ltr'><strong>intellexit</strong></span> <span class='ocrx_word' id='word_1_26' title='bbox 1259 644 1476 714; x_wconf 87' lang='lat' dir='ltr'><strong>quidem</strong></span> <span class='ocrx_word' id='word_1_27' title='bbox 1523 644 1662 696; x_wconf 88' lang='lat' dir='ltr'><strong>hanc</strong></span> <span class='ocrx_word' id='word_1_28' title='bbox 1717 641 2040 697; x_wconf 85' lang='lat' dir='ltr'><strong>sententiam</strong></span> 
     </span>
     <span class='ocr_line' id='line_1_5' title="bbox 220 730 2041 802; baseline -0.004 -9"><span class='ocrx_word' id='word_1_29' title='bbox 220 758 342 793; x_wconf 89' lang='lat' dir='ltr'><strong>cum</strong></span> <span class='ocrx_word' id='word_1_30' title='bbox 361 741 452 793; x_wconf 85' lang='lat' dir='ltr'><strong>illa</strong></span> <span class='ocrx_word' id='word_1_31' title='bbox 471 740 537 792; x_wconf 90' lang='lat' dir='ltr'><strong>de</strong></span> <span class='ocrx_word' id='word_1_32' title='bbox 559 738 795 792; x_wconf 87' lang='lat' dir='ltr'><strong>sedecim</strong></span> <span class='ocrx_word' id='word_1_33' title='bbox 814 737 1006 790; x_wconf 90' lang='lat' dir='ltr'><strong>litteris</strong></span> <span class='ocrx_word' id='word_1_34' title='bbox 1026 755 1137 790; x_wconf 89' lang='lat' dir='ltr'><strong>non</strong></span> <span class='ocrx_word' id='word_1_35' title='bbox 1157 734 1468 802; x_wconf 87' lang='lat' dir='ltr'><strong>conuenire,</strong></span> <span class='ocrx_word' id='word_1_36' title='bbox 1488 733 1664 787; x_wconf 88' lang='lat' dir='ltr'><strong>Varro</strong></span> <span class='ocrx_word' id='word_1_37' title='bbox 1702 738 1882 786; x_wconf 86' lang='lat' dir='ltr'><strong>autem</strong></span> <span class='ocrx_word' id='word_1_38' title='bbox 1896 730 1959 787; x_wconf 81' lang='lat' dir='ltr'><strong>Gr</strong></span> <span class='ocrx_word' id='word_1_39' title='bbox 1986 739 2041 800; x_wconf 86' lang='lat' dir='ltr'><strong>et</strong></span> 
     </span>
     <span class='ocr_line' id='line_1_6' title="bbox 221 821 2041 901; baseline -0.005 -17"><span class='ocrx_word' id='word_1_40' title='bbox 221 832 270 898; x_wconf 80' lang='lat' dir='ltr'>Q</span> <span class='ocrx_word' id='word_1_41' title='bbox 296 837 484 901; x_wconf 89' lang='lat' dir='ltr'><strong>postea</strong></span> <span class='ocrx_word' id='word_1_42' title='bbox 525 829 707 883; x_wconf 84' lang='lat' dir='ltr'><strong>addita</strong></span> <span class='ocrx_word' id='word_1_43' title='bbox 742 845 858 880; x_wconf 87' lang='lat' dir='ltr'><strong>esse</strong></span> <span class='ocrx_word' id='word_1_44' title='bbox 901 827 1100 880; x_wconf 88' lang='lat' dir='ltr'><strong>docuit.</strong></span> <span class='ocrx_word' id='word_1_45' title='bbox 1139 845 1297 897; x_wconf 90' lang='lat' dir='ltr'><strong>quam</strong></span> <span class='ocrx_word' id='word_1_46' title='bbox 1316 824 1579 877; x_wconf 83' lang='lat' dir='ltr'><strong>Prisciani</strong></span> <span class='ocrx_word' id='word_1_47' title='bbox 1626 821 2041 889; x_wconf 83' lang='lat' dir='ltr'><strong>inconstantiam</strong></span> 
     </span>
     <span class='ocr_line' id='line_1_7' title="bbox 222 908 2038 991; baseline -0.003 -18"><span class='ocrx_word' id='word_1_48' title='bbox 222 921 312 991; x_wconf 89' lang='lat' dir='ltr'><strong>qui</strong></span> <span class='ocrx_word' id='word_1_49' title='bbox 349 918 775 972; x_wconf 88' lang='lat' dir='ltr'><strong>considerauerit</strong></span> <span class='ocrx_word' id='word_1_50' title='bbox 811 935 919 969; x_wconf 90' lang='lat' dir='ltr'><strong>non</strong></span> <span class='ocrx_word' id='word_1_51' title='bbox 958 916 1242 984; x_wconf 83' lang='lat' dir='ltr'><strong>dubitabit,</strong></span> <span class='ocrx_word' id='word_1_52' title='bbox 1281 915 1409 984; x_wconf 87' lang='lat' dir='ltr'><strong>quin</strong></span> <span class='ocrx_word' id='word_1_53' title='bbox 1436 915 1554 987; x_wconf 90' lang='lat' dir='ltr'><strong>ipse</strong></span> <span class='ocrx_word' id='word_1_54' title='bbox 1574 913 1836 968; x_wconf 84' lang='lat' dir='ltr'><strong>Varronis</strong></span> <span class='ocrx_word' id='word_1_55' title='bbox 1867 908 2038 968; x_wconf 86' lang='lat' dir='ltr'><strong>libros</strong></span> 
     </span>
     <span class='ocr_line' id='line_1_8' title="bbox 217 1005 2039 1079; baseline -0.003 -16"><span class='ocrx_word' id='word_1_56' title='bbox 217 1028 328 1063; x_wconf 90' lang='lat' dir='ltr'><strong>non</strong></span> <span class='ocrx_word' id='word_1_57' title='bbox 365 1009 563 1079; x_wconf 85' lang='lat' dir='ltr'><strong>legerit</strong></span> <span class='ocrx_word' id='word_1_58' title='bbox 598 1008 694 1061; x_wconf 90' lang='lat' dir='ltr'><strong>sed</strong></span> <span class='ocrx_word' id='word_1_59' title='bbox 743 1007 886 1078; x_wconf 91' lang='lat' dir='ltr'><strong>apud</strong></span> <span class='ocrx_word' id='word_1_60' title='bbox 923 1007 1086 1059; x_wconf 89' lang='lat' dir='ltr'><strong>alium</strong></span> <span class='ocrx_word' id='word_1_61' title='bbox 1125 1006 1394 1078; x_wconf 84' lang='lat' dir='ltr'><strong>quendam</strong></span> <span class='ocrx_word' id='word_1_62' title='bbox 1449 1006 1772 1076; x_wconf 84' lang='lat' dir='ltr'><strong>scriptorem</strong></span> <span class='ocrx_word' id='word_1_63' title='bbox 1807 1005 2039 1058; x_wconf 88' lang='lat' dir='ltr'><strong>fortasse</strong></span> 
     </span>
     <span class='ocr_line' id='line_1_9' title="bbox 221 1094 2040 1153; baseline -0.003 0"><span class='ocrx_word' id='word_1_64' title='bbox 221 1098 580 1153; x_wconf 87' lang='lat' dir='ltr'><strong>Censorinum</strong></span> <span class='ocrx_word' id='word_1_65' title='bbox 604 1117 695 1152; x_wconf 91' lang='lat' dir='ltr'><strong>eos</strong></span> <span class='ocrx_word' id='word_1_66' title='bbox 717 1097 985 1151; x_wconf 88' lang='lat' dir='ltr'><strong>adhibitos</strong></span> <span class='ocrx_word' id='word_1_67' title='bbox 1005 1097 1290 1150; x_wconf 90' lang='lat' dir='ltr'><strong>inuenerit.</strong></span> <span class='ocrx_word' id='word_1_68' title='bbox 1332 1097 1638 1150; x_wconf 87' lang='lat' dir='ltr'><strong>confudisse</strong></span> <span class='ocrx_word' id='word_1_69' title='bbox 1659 1096 1804 1149; x_wconf 89' lang='lat' dir='ltr'><strong>enim</strong></span> <span class='ocrx_word' id='word_1_70' title='bbox 1822 1094 2040 1148; x_wconf 88' lang='lat' dir='ltr'><strong>uidetur</strong></span> 
     </span>
     <span class='ocr_line' id='line_1_10' title="bbox 220 1186 2039 1260; baseline -0.002 -18"><span class='ocrx_word' id='word_1_71' title='bbox 220 1209 339 1242; x_wconf 89' lang='lat' dir='ltr'><strong>cum</strong></span> <span class='ocrx_word' id='word_1_72' title='bbox 374 1189 466 1242; x_wconf 90' lang='lat' dir='ltr'><strong>illa</strong></span> <span class='ocrx_word' id='word_1_73' title='bbox 504 1189 572 1242; x_wconf 92' lang='lat' dir='ltr'><strong>de</strong></span> <span class='ocrx_word' id='word_1_74' title='bbox 622 1188 1007 1260; x_wconf 85' lang='lat' dir='ltr'><strong>antiquissimis</strong></span> <span class='ocrx_word' id='word_1_75' title='bbox 1041 1187 1236 1241; x_wconf 89' lang='lat' dir='ltr'><strong>litteris</strong></span> <span class='ocrx_word' id='word_1_76' title='bbox 1289 1187 1447 1240; x_wconf 90' lang='lat' dir='ltr'><strong>aliam</strong></span> <span class='ocrx_word' id='word_1_77' title='bbox 1485 1186 1745 1240; x_wconf 88' lang='lat' dir='ltr'><strong>Varronis</strong></span> <span class='ocrx_word' id='word_1_78' title='bbox 1797 1186 2039 1258; x_wconf 75' lang='lat' dir='ltr'><strong>disputa-</strong></span> 
     </span>
     <span class='ocr_line' id='line_1_11' title="bbox 218 1275 2039 1351; baseline -0.002 -20"><span class='ocrx_word' id='word_1_79' title='bbox 218 1280 437 1348; x_wconf 87' lang='lat' dir='ltr'><strong>tionem,</strong></span> <span class='ocrx_word' id='word_1_80' title='bbox 497 1299 656 1351; x_wconf 89' lang='lat' dir='ltr'><strong>quam</strong></span> <span class='ocrx_word' id='word_1_81' title='bbox 698 1280 754 1332; x_wconf 91' lang='lat' dir='ltr'><strong>in</strong></span> <span class='ocrx_word' id='word_1_82' title='bbox 793 1279 900 1332; x_wconf 88' lang='lat' dir='ltr'><strong>fine</strong></span> <span class='ocrx_word' id='word_1_83' title='bbox 945 1279 1125 1351; x_wconf 87' lang='lat' dir='ltr'><strong>operis</strong></span> <span class='ocrx_word' id='word_1_84' title='bbox 1162 1279 1253 1331; x_wconf 90' lang='lat' dir='ltr'><strong>uel</strong></span> <span class='ocrx_word' id='word_1_85' title='bbox 1293 1278 1395 1330; x_wconf 91' lang='lat' dir='ltr'><strong>alio</strong></span> <span class='ocrx_word' id='word_1_86' title='bbox 1438 1278 1634 1331; x_wconf 91' lang='lat' dir='ltr'><strong>idoneo</strong></span> <span class='ocrx_word' id='word_1_87' title='bbox 1675 1278 1796 1331; x_wconf 92' lang='lat' dir='ltr'><strong>loco</strong></span> <span class='ocrx_word' id='word_1_88' title='bbox 1843 1275 2039 1349; x_wconf 73' lang='lat' dir='ltr'><strong>posuit,</strong></span> 
     </span>
     <span class='ocr_line' id='line_1_12' title="bbox 220 1367 2039 1440; baseline -0.001 -18"><span class='ocrx_word' id='word_1_89' title='bbox 220 1370 287 1423; x_wconf 88' lang='lat' dir='ltr'><strong>de</strong></span> <span class='ocrx_word' id='word_1_90' title='bbox 321 1370 513 1424; x_wconf 89' lang='lat' dir='ltr'><strong>litteris</strong></span> <span class='ocrx_word' id='word_1_91' title='bbox 551 1389 580 1423; x_wconf 92' lang='lat' dir='ltr'><strong>e</strong></span> <span class='ocrx_word' id='word_1_92' title='bbox 615 1388 842 1423; x_wconf 89' lang='lat' dir='ltr'><strong>numero</strong></span> <span class='ocrx_word' id='word_1_93' title='bbox 880 1370 1046 1440; x_wconf 85' lang='lat' dir='ltr'><strong>uolgo</strong></span> <span class='ocrx_word' id='word_1_94' title='bbox 1088 1369 1402 1422; x_wconf 89' lang='lat' dir='ltr'><strong>traditarum</strong></span> <span class='ocrx_word' id='word_1_95' title='bbox 1436 1387 1496 1422; x_wconf 88' lang='lat' dir='ltr'><strong>re</strong></span> <span class='ocrx_word' id='word_1_96' title='bbox 1533 1387 1665 1421; x_wconf 89' lang='lat' dir='ltr'><strong>uera</strong></span> <span class='ocrx_word' id='word_1_97' title='bbox 1694 1367 2039 1422; x_wconf 81' lang='lat' dir='ltr'><strong>necessariis.</strong></span> 
     </span>
     <span class='ocr_line' id='line_1_13' title="bbox 218 1457 2040 1531; baseline -0.002 -19"><span class='ocrx_word' id='word_1_98' title='bbox 218 1459 286 1513; x_wconf 88' lang='lat' dir='ltr'><strong>ad</strong></span> <span class='ocrx_word' id='word_1_99' title='bbox 305 1460 469 1512; x_wconf 86' lang='lat' dir='ltr'><strong>talem</strong></span> <span class='ocrx_word' id='word_1_100' title='bbox 491 1460 634 1512; x_wconf 90' lang='lat' dir='ltr'><strong>enim</strong></span> <span class='ocrx_word' id='word_1_101' title='bbox 658 1459 1052 1531; x_wconf 80' lang='lat' dir='ltr'><strong>expositionem</strong></span> <span class='ocrx_word' id='word_1_102' title='bbox 1075 1460 1303 1511; x_wconf 87' lang='lat' dir='ltr'><strong>alterum</strong></span> <span class='ocrx_word' id='word_1_103' title='bbox 1324 1458 1587 1511; x_wconf 87' lang='lat' dir='ltr'><strong>Prisciani</strong></span> <span class='ocrx_word' id='word_1_104' title='bbox 1607 1458 1788 1510; x_wconf 90' lang='lat' dir='ltr'><strong>locum</strong></span> <span class='ocrx_word' id='word_1_105' title='bbox 1805 1457 1894 1525; x_wconf 85' lang='lat' dir='ltr'><strong>(fr.</strong></span> <span class='ocrx_word' id='word_1_106' title='bbox 1913 1457 2040 1526; x_wconf 6' lang='lat'><strong>115).</strong></span> 
     </span>
     <span class='ocr_line' id='line_1_14' title="bbox 219 1547 2038 1623; baseline -0.002 -20"><span class='ocrx_word' id='word_1_107' title='bbox 219 1558 463 1623; x_wconf 87' lang='lat' dir='ltr'><strong>spectare</strong></span> <span class='ocrx_word' id='word_1_108' title='bbox 500 1551 748 1619; x_wconf 87' lang='lat' dir='ltr'><strong>arbitror,</strong></span> <span class='ocrx_word' id='word_1_109' title='bbox 789 1569 892 1619; x_wconf 88' lang='lat' dir='ltr'><strong>quo</strong></span> <span class='ocrx_word' id='word_1_110' title='bbox 915 1549 1294 1603; x_wconf 87' lang='lat' dir='ltr'><strong>VarronemK</strong></span> <span class='ocrx_word' id='word_1_111' title='bbox 1316 1548 1437 1614; x_wconf 77' lang='lat' dir='ltr'><strong>etQ</strong></span> <span class='ocrx_word' id='word_1_112' title='bbox 1475 1565 1906 1621; x_wconf 87' lang='lat' dir='ltr'><strong>superuacaneas</strong></span> <span class='ocrx_word' id='word_1_113' title='bbox 1945 1547 2038 1601; x_wconf 78' lang='lat' dir='ltr'><strong>du,-</strong></span> 
     </span>
     <span class='ocr_line' id='line_1_15' title="bbox 218 1637 2041 1710; baseline -0.002 -16"><span class='ocrx_word' id='word_1_114' title='bbox 218 1641 383 1709; x_wconf 84' lang='lat' dir='ltr'><strong>xisse,</strong></span> <span class='ocrx_word' id='word_1_115' title='bbox 417 1641 471 1694; x_wconf 94' lang='lat' dir='ltr'>H</span> <span class='ocrx_word' id='word_1_116' title='bbox 495 1640 747 1694; x_wconf 87' lang='lat' dir='ltr'><strong>reiecisse</strong></span> <span class='ocrx_word' id='word_1_117' title='bbox 775 1639 887 1693; x_wconf 89' lang='lat' dir='ltr'><strong>sine</strong></span> <span class='ocrx_word' id='word_1_118' title='bbox 927 1639 1088 1692; x_wconf 91' lang='lat' dir='ltr'><strong>dubio</strong></span> <span class='ocrx_word' id='word_1_119' title='bbox 1128 1647 1401 1708; x_wconf 83' lang='lat' dir='ltr'><strong>tamquam</strong></span> <span class='ocrx_word' id='word_1_120' title='bbox 1438 1637 1818 1710; x_wconf 89' lang='lat' dir='ltr'><strong>adspirationis</strong></span> <span class='ocrx_word' id='word_1_121' title='bbox 1860 1644 2041 1696; x_wconf 80' lang='lat' dir='ltr'><strong>notam</strong></span> 
     </span>
     <span class='ocr_line' id='line_1_16' title="bbox 219 1730 2040 1806; baseline -0.001 -20"><span class='ocrx_word' id='word_1_122' title='bbox 219 1733 407 1802; x_wconf 82' lang='lat' dir='ltr'><strong>tradit3</strong></span> <span class='ocrx_word' id='word_1_123' title='bbox 447 1742 730 1806; x_wconf 85' lang='lat' dir='ltr'><strong>praetcrea</strong></span> <span class='ocrx_word' id='word_1_124' title='bbox 762 1734 818 1787; x_wconf 91' lang='lat' dir='ltr'>X</span> <span class='ocrx_word' id='word_1_125' title='bbox 854 1751 1066 1802; x_wconf 88' lang='lat' dir='ltr'><strong>quoque</strong></span> <span class='ocrx_word' id='word_1_126' title='bbox 1104 1740 1165 1785; x_wconf 89' lang='lat' dir='ltr'><strong>ut</strong></span> <span class='ocrx_word' id='word_1_127' title='bbox 1204 1732 1475 1804; x_wconf 88' lang='lat' dir='ltr'><strong>duplicem</strong></span> <span class='ocrx_word' id='word_1_128' title='bbox 1517 1732 1656 1784; x_wconf 91' lang='lat' dir='ltr'><strong>sicut</strong></span> <span class='ocrx_word' id='word_1_129' title='bbox 1691 1730 1746 1784; x_wconf 93' lang='lat' dir='ltr'><strong>in</strong></span> <span class='ocrx_word' id='word_1_130' title='bbox 1777 1749 2040 1802; x_wconf 51' lang='lat' dir='ltr'><strong>gramm-a.-T</strong></span> 
     </span>
     <span class='ocr_line' id='line_1_17' title="bbox 219 1820 2039 1896; baseline -0.001 -19"><span class='ocrx_word' id='word_1_131' title='bbox 219 1824 323 1877; x_wconf 88' lang='lat' dir='ltr'><strong>tica</strong></span> <span class='ocrx_word' id='word_1_132' title='bbox 370 1826 456 1890; x_wconf 87' lang='lat' dir='ltr'><strong>(fr.</strong></span> <span class='ocrx_word' id='word_1_133' title='bbox 481 1825 570 1890; x_wconf 80' lang='lat'><strong>95)</strong></span> <span class='ocrx_word' id='word_1_134' title='bbox 606 1824 919 1896; x_wconf 88' lang='lat' dir='ltr'><strong>repudiasse</strong></span> <span class='ocrx_word' id='word_1_135' title='bbox 973 1823 1276 1876; x_wconf 89' lang='lat' dir='ltr'><strong>censendus</strong></span> <span class='ocrx_word' id='word_1_136' title='bbox 1315 1823 1476 1890; x_wconf 69' lang='lat' dir='ltr'><strong>estl).</strong></span> <span class='ocrx_word' id='word_1_137' title='bbox 1548 1822 1605 1874; x_wconf 92' lang='lat' dir='ltr'><strong>in</strong></span> <span class='ocrx_word' id='word_1_138' title='bbox 1645 1822 1739 1874; x_wconf 86' lang='lat' dir='ltr'><strong>illa</strong></span> <span class='ocrx_word' id='word_1_139' title='bbox 1790 1839 1922 1874; x_wconf 89' lang='lat' dir='ltr'><strong>uero</strong></span> <span class='ocrx_word' id='word_1_140' title='bbox 1971 1820 2039 1876; x_wconf 72' lang='lat' dir='ltr'><strong>de</strong></span> 
     </span>
     <span class='ocr_line' id='line_1_18' title="bbox 210 1912 2038 1986; baseline -0.002 -18"><span class='ocrx_word' id='word_1_141' title='bbox 210 1913 451 1985; x_wconf 60' lang='lat' dir='ltr'><strong>&#39;antiquis</strong></span> <span class='ocrx_word' id='word_1_142' title='bbox 483 1914 680 1967; x_wconf 89' lang='lat' dir='ltr'><strong>litteris</strong></span> <span class='ocrx_word' id='word_1_143' title='bbox 703 1913 1063 1986; x_wconf 85' lang='lat' dir='ltr'><strong>disputatione</strong></span> <span class='ocrx_word' id='word_1_144' title='bbox 1098 1931 1278 1983; x_wconf 87' lang='lat' dir='ltr'><strong>neque</strong></span> <span class='ocrx_word' id='word_1_145' title='bbox 1308 1913 1373 1966; x_wconf 88' lang='lat' dir='ltr'><strong>ab</strong></span> <span class='ocrx_word' id='word_1_146' title='bbox 1405 1912 1895 1982; x_wconf 81' lang='lat' dir='ltr'><strong>antiquissimorum</strong></span> <span class='ocrx_word' id='word_1_147' title='bbox 1928 1931 2038 1965; x_wconf 87' lang='lat' dir='ltr'><strong>mo-</strong></span> 
     </span>
     <span class='ocr_line' id='line_1_19' title="bbox 217 2001 2038 2074; baseline -0.003 -17"><span class='ocrx_word' id='word_1_148' title='bbox 217 2011 598 2058; x_wconf 89' lang='lat' dir='ltr'><strong>numentorum</strong></span> <span class='ocrx_word' id='word_1_149' title='bbox 624 2004 889 2074; x_wconf 89' lang='lat' dir='ltr'><strong>scriptura</strong></span> <span class='ocrx_word' id='word_1_150' title='bbox 925 2005 1203 2074; x_wconf 86' lang='lat' dir='ltr'><strong>profectus</strong></span> <span class='ocrx_word' id='word_1_151' title='bbox 1241 2010 1322 2055; x_wconf 91' lang='lat' dir='ltr'><strong>cst</strong></span> <span class='ocrx_word' id='word_1_152' title='bbox 1341 2002 1535 2070; x_wconf 83' lang='lat' dir='ltr'><strong>VarrO,</strong></span> <span class='ocrx_word' id='word_1_153' title='bbox 1571 2009 1632 2054; x_wconf 90' lang='lat' dir='ltr'><strong>ut</strong></span> <span class='ocrx_word' id='word_1_154' title='bbox 1669 2001 1871 2070; x_wconf 83' lang='lat' dir='ltr'><strong>debuit,</strong></span> <span class='ocrx_word' id='word_1_155' title='bbox 1908 2018 2038 2070; x_wconf 55' lang='lat' dir='ltr'><strong>coge·</strong></span> 
     </span>
     <span class='ocr_line' id='line_1_20' title="bbox 217 2090 2041 2164; baseline -0.003 -16"><span class='ocrx_word' id='word_1_156' title='bbox 217 2097 570 2164; x_wconf 76' lang='lat' dir='ltr'><strong>natarumqfie</strong></span> <span class='ocrx_word' id='word_1_157' title='bbox 609 2095 913 2147; x_wconf 88' lang='lat' dir='ltr'><strong>litterarum</strong></span> <span class='ocrx_word' id='word_1_158' title='bbox 950 2093 1094 2164; x_wconf 89' lang='lat' dir='ltr'><strong>apud</strong></span> <span class='ocrx_word' id='word_1_159' title='bbox 1130 2093 1366 2164; x_wconf 90' lang='lat' dir='ltr'><strong>reliquas</strong></span> <span class='ocrx_word' id='word_1_160' title='bbox 1406 2099 1599 2162; x_wconf 85' lang='lat' dir='ltr'><strong>gentes</strong></span> <span class='ocrx_word' id='word_1_161' title='bbox 1640 2090 2041 2162; x_wconf 61' lang='lat' dir='ltr'><strong>conparatione,</strong></span> 
     </span>
     <span class='ocr_line' id='line_1_21' title="bbox 218 2180 2042 2256; baseline -0.002 -19"><span class='ocrx_word' id='word_1_162' title='bbox 218 2201 394 2256; x_wconf 83' lang='lat' dir='ltr'><strong>neque</strong></span> <span class='ocrx_word' id='word_1_163' title='bbox 432 2184 765 2237; x_wconf 86' lang='lat' dir='ltr'><strong>arbitrariam</strong></span> <span class='ocrx_word' id='word_1_164' title='bbox 819 2184 1118 2237; x_wconf 87' lang='lat' dir='ltr'><strong>doctrinam</strong></span> <span class='ocrx_word' id='word_1_165' title='bbox 1164 2182 1524 2252; x_wconf 77' lang='lat' dir='ltr'><strong>excogitauit,</strong></span> <span class='ocrx_word' id='word_1_166' title='bbox 1574 2180 1671 2234; x_wconf 89' lang='lat' dir='ltr'><strong>sed</strong></span> <span class='ocrx_word' id='word_1_167' title='bbox 1723 2180 2042 2252; x_wconf 76' lang='lat' dir='ltr'><strong>simpliciter</strong></span> 
     </span>
     <span class='ocr_line' id='line_1_22' title="bbox 223 2272 2042 2348; baseline -0.002 -20"><span class='ocrx_word' id='word_1_168' title='bbox 223 2294 546 2347; x_wconf 85' lang='lat' dir='ltr'><strong>graecorum</strong></span> <span class='ocrx_word' id='word_1_169' title='bbox 583 2276 911 2348; x_wconf 86' lang='lat' dir='ltr'><strong>scriptorum</strong></span> <span class='ocrx_word' id='word_1_170' title='bbox 951 2275 1018 2327; x_wconf 93' lang='lat' dir='ltr'><strong>de</strong></span> <span class='ocrx_word' id='word_1_171' title='bbox 1055 2275 1268 2346; x_wconf 85' lang='lat' dir='ltr'><strong>graecis</strong></span> <span class='ocrx_word' id='word_1_172' title='bbox 1306 2273 1500 2326; x_wconf 90' lang='lat' dir='ltr'><strong>litteris</strong></span> <span class='ocrx_word' id='word_1_173' title='bbox 1527 2272 1852 2326; x_wconf 89' lang='lat' dir='ltr'><strong>sententiam</strong></span> <span class='ocrx_word' id='word_1_174' title='bbox 1892 2289 2042 2324; x_wconf 90' lang='lat' dir='ltr'><strong>secu-</strong></span> 
     </span>
     <span class='ocr_line' id='line_1_23' title="bbox 217 2363 2040 2440; baseline -0.002 -21"><span class='ocrx_word' id='word_1_175' title='bbox 217 2375 301 2440; x_wconf 84' lang='lat' dir='ltr'><strong>tus</strong></span> <span class='ocrx_word' id='word_1_176' title='bbox 339 2368 557 2420; x_wconf 83' lang='lat' dir='ltr'><strong>easdem</strong></span> <span class='ocrx_word' id='word_1_177' title='bbox 610 2367 677 2420; x_wconf 91' lang='lat' dir='ltr'><strong>ad</strong></span> <span class='ocrx_word' id='word_1_178' title='bbox 716 2367 932 2419; x_wconf 86' lang='lat' dir='ltr'><strong>latinam</strong></span> <span class='ocrx_word' id='word_1_179' title='bbox 974 2367 1293 2437; x_wconf 89' lang='lat' dir='ltr'><strong>scripturam</strong></span> <span class='ocrx_word' id='word_1_180' title='bbox 1341 2364 1631 2418; x_wconf 86' lang='lat' dir='ltr'><strong>transtulit.</strong></span> <span class='ocrx_word' id='word_1_181' title='bbox 1705 2363 2040 2434; x_wconf 89' lang='lat' dir='ltr'><strong>scripserunt</strong></span> 
     </span>
     <span class='ocr_line' id='line_1_24' title="bbox 217 2453 2042 2530; baseline -0.002 -20"><span class='ocrx_word' id='word_1_182' title='bbox 217 2465 395 2511; x_wconf 86' lang='lat' dir='ltr'><strong>autem</strong></span> <span class='ocrx_word' id='word_1_183' title='bbox 429 2477 542 2511; x_wconf 90' lang='lat' dir='ltr'><strong>non</strong></span> <span class='ocrx_word' id='word_1_184' title='bbox 579 2457 734 2530; x_wconf 88' lang='lat' dir='ltr'><strong>pauci</strong></span> <span class='ocrx_word' id='word_1_185' title='bbox 774 2457 957 2529; x_wconf 85' lang='lat' dir='ltr'><strong>graeci</strong></span> <span class='ocrx_word' id='word_1_186' title='bbox 1005 2457 1072 2510; x_wconf 90' lang='lat' dir='ltr'><strong>de</strong></span> <span class='ocrx_word' id='word_1_187' title='bbox 1111 2457 1210 2510; x_wconf 89' lang='lat' dir='ltr'><strong>hac</strong></span> <span class='ocrx_word' id='word_1_188' title='bbox 1248 2475 1325 2526; x_wconf 88' lang='lat' dir='ltr'><strong>re,</strong></span> <span class='ocrx_word' id='word_1_189' title='bbox 1379 2474 1608 2526; x_wconf 90' lang='lat' dir='ltr'><strong>quorum</strong></span> <span class='ocrx_word' id='word_1_190' title='bbox 1645 2473 1754 2507; x_wconf 92' lang='lat' dir='ltr'><strong>non</strong></span> <span class='ocrx_word' id='word_1_191' title='bbox 1791 2453 1970 2507; x_wconf 91' lang='lat' dir='ltr'><strong>nullos</strong></span> <span class='ocrx_word' id='word_1_192' title='bbox 2013 2473 2042 2506; x_wconf 83' lang='lat' dir='ltr'><strong>a</strong></span> 
     </span>
     <span class='ocr_line' id='line_1_25' title="bbox 217 2542 2044 2618; baseline -0.003 -16"><span class='ocrx_word' id='word_1_193' title='bbox 217 2548 389 2602; x_wconf 91' lang='lat' dir='ltr'><strong>Lucio</strong></span> <span class='ocrx_word' id='word_1_194' title='bbox 429 2548 701 2602; x_wconf 87' lang='lat' dir='ltr'><strong>Tarrhaeo</strong></span> <span class='ocrx_word' id='word_1_195' title='bbox 740 2547 1130 2601; x_wconf 84' lang='lat' dir='ltr'><strong>conmemorari</strong></span> <span class='ocrx_word' id='word_1_196' title='bbox 1168 2542 1418 2600; x_wconf 86' lang='lat' dir='ltr'><strong>uidimus.</strong></span> <span class='ocrx_word' id='word_1_197' title='bbox 1462 2546 1556 2599; x_wconf 87' lang='lat' dir='ltr'><strong>sed</strong></span> <span class='ocrx_word' id='word_1_198' title='bbox 1590 2546 1797 2618; x_wconf 84' lang='lat' dir='ltr'><strong>primus</strong></span> <span class='ocrx_word' id='word_1_199' title='bbox 1838 2544 1950 2609; x_wconf 81' lang='lat' dir='ltr'><strong>erat</strong></span> <span class='ocrx_word' id='word_1_200' title='bbox 1984 2543 2044 2603; x_wconf 82' lang='lat' dir='ltr'><strong>ut</strong></span> 
     </span>
     <span class='ocr_line' id='line_1_26' title="bbox 218 2638 880 2709; baseline 0 -18"><span class='ocrx_word' id='word_1_201' title='bbox 218 2638 435 2709; x_wconf 89' lang='lat' dir='ltr'><strong>uidetur</strong></span> <span class='ocrx_word' id='word_1_202' title='bbox 455 2639 499 2706; x_wconf 82' lang='grc'><strong>2&gt;</strong></span> <span class='ocrx_word' id='word_1_203' title='bbox 542 2638 880 2693; x_wconf 78' lang='lat' dir='ltr'><strong>Aristoteles.</strong></span> 
     </span>
    </p>

    <p class='ocr_par' dir='ltr' id='par_1_3' title="bbox 381 2726 2037 2799">
     <span class='ocr_line' id='line_1_27' title="bbox 381 2726 2037 2799; baseline -0.004 -17"><span class='ocrx_word' id='word_1_204' title='bbox 381 2729 468 2782; x_wconf 88' lang='lat' dir='ltr'><strong>De</strong></span> <span class='ocrx_word' id='word_1_205' title='bbox 502 2729 691 2782; x_wconf 90' lang='lat' dir='ltr'><strong>ordine</strong></span> <span class='ocrx_word' id='word_1_206' title='bbox 725 2728 1026 2782; x_wconf 81' lang='lat' dir='ltr'><strong>litterarum</strong></span> <span class='ocrx_word' id='word_1_207' title='bbox 1053 2729 1220 2781; x_wconf 87' lang='lat' dir='ltr'><strong>multa</strong></span> <span class='ocrx_word' id='word_1_208' title='bbox 1257 2728 1412 2781; x_wconf 90' lang='lat' dir='ltr'><strong>docte</strong></span> <span class='ocrx_word' id='word_1_209' title='bbox 1446 2726 1703 2799; x_wconf 89' lang='lat' dir='ltr'><strong>disputari</strong></span> <span class='ocrx_word' id='word_1_210' title='bbox 1741 2730 2037 2798; x_wconf 80' lang='lat' dir='ltr'><strong>potuerunt</strong></span> 
     </span>
    </p>
   </div>
   <div class='ocr_carea' id='block_1_3' title="bbox 218 2850 504 2856">
    <p class='ocr_par' dir='ltr' id='par_1_4' title="bbox 218 2850 504 2856">
     <span class='ocr_line' id='line_1_28' title="bbox 218 2850 504 2856; baseline 0 0"><span class='ocrx_word' id='word_1_211' title='bbox 218 2850 504 2856; x_wconf 95' lang='lat' dir='ltr'><strong> </strong></span> 
     </span>
    </p>
   </div>
   <div class='ocr_carea' id='block_1_4' title="bbox 218 2903 2042 3604">
    <p class='ocr_par' dir='ltr' id='par_1_5' title="bbox 219 2903 2042 3121">
     <span class='ocr_line' id='line_1_29' title="bbox 381 2903 2042 2963; baseline -0.001 -12"><span class='ocrx_word' id='word_1_212' title='bbox 381 2907 425 2963; x_wconf 87' lang='lat'><strong>1)</strong></span> <span class='ocrx_word' id='word_1_213' title='bbox 459 2907 526 2951; x_wconf 86' lang='lat' dir='ltr'><strong>cf.</strong></span> <span class='ocrx_word' id='word_1_214' title='bbox 563 2907 619 2951; x_wconf 89' lang='lat' dir='ltr'><strong>de</strong></span> <span class='ocrx_word' id='word_1_215' title='bbox 650 2906 837 2963; x_wconf 80' lang='lat' dir='ltr'><strong>Nigidio</strong></span> <span class='ocrx_word' id='word_1_216' title='bbox 854 2906 1018 2963; x_wconf 86' lang='lat' dir='ltr'><strong>Figulo</strong></span> <span class='ocrx_word' id='word_1_217' title='bbox 1051 2906 1351 2950; x_wconf 87' lang='lat' dir='ltr'><strong>disserentem</strong></span> <span class='ocrx_word' id='word_1_218' title='bbox 1378 2905 1576 2949; x_wconf 83' lang='lat' dir='ltr'><strong>Marium</strong></span> <span class='ocrx_word' id='word_1_219' title='bbox 1591 2904 1883 2949; x_wconf 84' lang='lat' dir='ltr'><strong>Victorinum</strong></span> <span class='ocrx_word' id='word_1_220' title='bbox 1911 2904 1933 2947; x_wconf 95' lang='lat' dir='ltr'>I</span> <span class='ocrx_word' id='word_1_221' title='bbox 1952 2903 2042 2959; x_wconf 83' lang='lat'><strong>4‚5</strong></span> 
     </span>
     <span class='ocr_line' id='line_1_30' title="bbox 219 2985 2036 3044; baseline -0.001 -13"><span class='ocrx_word' id='word_1_222' title='bbox 219 3003 262 3044; x_wconf 88' lang='lat' dir='ltr'><strong>p.</strong></span> <span class='ocrx_word' id='word_1_223' title='bbox 280 2986 396 3031; x_wconf 79' lang='lat'>2456</span> <span class='ocrx_word' id='word_1_224' title='bbox 422 2986 496 3031; x_wconf 87' lang='lat' dir='ltr'><strong>P.:</strong></span> <span class='ocrx_word' id='word_1_225' title='bbox 534 2986 743 3043; x_wconf 81' lang='lat' dir='ltr'><strong>Nigidius</strong></span> <span class='ocrx_word' id='word_1_226' title='bbox 774 2986 964 3042; x_wconf 84' lang='lat' dir='ltr'><strong>Figulus</strong></span> <span class='ocrx_word' id='word_1_227' title='bbox 999 2986 1047 3029; x_wconf 92' lang='lat' dir='ltr'><strong>in</strong></span> <span class='ocrx_word' id='word_1_228' title='bbox 1077 2985 1416 3029; x_wconf 87' lang='lat' dir='ltr'><strong>commentariis</strong></span> <span class='ocrx_word' id='word_1_229' title='bbox 1449 2985 1542 3028; x_wconf 91' lang='lat' dir='ltr'><strong>suis</strong></span> <span class='ocrx_word' id='word_1_230' title='bbox 1573 3000 1659 3029; x_wconf 92' lang='lat' dir='ltr'><strong>nec</strong></span> <span class='ocrx_word' id='word_1_231' title='bbox 1690 2985 1734 3028; x_wconf 91' lang='lat' dir='ltr'><strong>K</strong></span> <span class='ocrx_word' id='word_1_232' title='bbox 1763 2985 1917 3042; x_wconf 81' lang='lat' dir='ltr'><strong>posuit</strong></span> <span class='ocrx_word' id='word_1_233' title='bbox 1945 2998 2036 3030; x_wconf 78' lang='lat' dir='ltr'><strong>-nee</strong></span> 
     </span>
     <span class='ocr_line' id='line_1_31' title="bbox 219 3063 2036 3121; baseline -0.001 -12"><span class='ocrx_word' id='word_1_234' title='bbox 219 3065 257 3120; x_wconf 77' lang='lat' dir='ltr'><strong>Q</strong></span> <span class='ocrx_word' id='word_1_235' title='bbox 274 3080 361 3110; x_wconf 89' lang='lat' dir='ltr'><strong>nec</strong></span> <span class='ocrx_word' id='word_1_236' title='bbox 381 3072 434 3110; x_wconf 92' lang='lat' dir='ltr'><strong>X.</strong></span> <span class='ocrx_word' id='word_1_237' title='bbox 467 3066 591 3110; x_wconf 88' lang='lat' dir='ltr'><strong>idem</strong></span> <span class='ocrx_word' id='word_1_238' title='bbox 620 3067 664 3109; x_wconf 92' lang='lat' dir='ltr'>H</span> <span class='ocrx_word' id='word_1_239' title='bbox 691 3080 785 3109; x_wconf 90' lang='lat' dir='ltr'><strong>non</strong></span> <span class='ocrx_word' id='word_1_240' title='bbox 817 3080 914 3111; x_wconf 83' lang='lat' dir='ltr'><strong>esse</strong></span> <span class='ocrx_word' id='word_1_241' title='bbox 943 3065 1151 3109; x_wconf 85' lang='lat' dir='ltr'><strong>litteram</strong></span> <span class='ocrx_word' id='word_1_242' title='bbox 1183 3065 1264 3108; x_wconf 89' lang='lat' dir='ltr'><strong>sed</strong></span> <span class='ocrx_word' id='word_1_243' title='bbox 1292 3067 1450 3108; x_wconf 84' lang='lat' dir='ltr'><strong>notam</strong></span> <span class='ocrx_word' id='word_1_244' title='bbox 1469 3064 1794 3121; x_wconf 86' lang='lat' dir='ltr'><strong>adspirationis</strong></span> <span class='ocrx_word' id='word_1_245' title='bbox 1823 3063 2036 3108; x_wconf 82' lang='lat' dir='ltr'><strong>tradidit.</strong></span> 
     </span>
    </p>

    <p class='ocr_par' dir='ltr' id='par_1_6' title="bbox 218 3142 2039 3604">
     <span class='ocr_line' id='line_1_32' title="bbox 385 3142 2039 3204; baseline -0.002 -14"><span class='ocrx_word' id='word_1_246' title='bbox 385 3146 429 3202; x_wconf 81' lang='lat'><strong>2)</strong></span> <span class='ocrx_word' id='word_1_247' title='bbox 468 3146 604 3191; x_wconf 82' lang='lat' dir='ltr'><strong>Cuius</strong></span> <span class='ocrx_word' id='word_1_248' title='bbox 646 3145 789 3190; x_wconf 89' lang='lat' dir='ltr'><strong>libros</strong></span> <span class='ocrx_word' id='word_1_249' title='bbox 832 3147 898 3190; x_wconf 90' lang='lat' dir='ltr'><strong>III</strong></span> <span class='ocrx_word' id='word_1_250' title='bbox 933 3149 1038 3204; x_wconf 84' lang='grc' dir='ltr'><em>περὶ</em></span> <span class='ocrx_word' id='word_1_251' title='bbox 1077 3150 1315 3203; x_wconf 81' lang='grc' dir='ltr'><em>στοιχείων</em></span> <span class='ocrx_word' id='word_1_252' title='bbox 1354 3145 1507 3188; x_wconf 82' lang='lat' dir='ltr'><strong>Laert.</strong></span> <span class='ocrx_word' id='word_1_253' title='bbox 1539 3143 1814 3200; x_wconf 76' lang='lat' dir='ltr'><strong>Diog.V23</strong></span> <span class='ocrx_word' id='word_1_254' title='bbox 1843 3142 2039 3198; x_wconf 83' lang='lat' dir='ltr'><strong>profert,</strong></span> 
     </span>
     <span class='ocr_line' id='line_1_33' title="bbox 221 3222 2037 3281; baseline -0.002 -11"><span class='ocrx_word' id='word_1_255' title='bbox 221 3224 277 3270; x_wconf 86' lang='lat' dir='ltr'><strong>cf.</strong></span> <span class='ocrx_word' id='word_1_256' title='bbox 307 3226 421 3270; x_wconf 90' lang='lat' dir='ltr'><strong>Plin.</strong></span> <span class='ocrx_word' id='word_1_257' title='bbox 442 3226 527 3271; x_wconf 86' lang='lat' dir='ltr'><strong>VII</strong></span> <span class='ocrx_word' id='word_1_258' title='bbox 548 3227 647 3270; x_wconf 76' lang='lat'><strong>192.</strong></span> <span class='ocrx_word' id='word_1_259' title='bbox 692 3227 832 3271; x_wconf 90' lang='lat' dir='ltr'><strong>schol.</strong></span> <span class='ocrx_word' id='word_1_260' title='bbox 850 3226 984 3269; x_wconf 88' lang='lat' dir='ltr'><strong>Dion.</strong></span> <span class='ocrx_word' id='word_1_261' title='bbox 1003 3226 1110 3268; x_wconf 85' lang='lat' dir='ltr'><strong>Thr.</strong></span> <span class='ocrx_word' id='word_1_262' title='bbox 1129 3240 1172 3281; x_wconf 91' lang='lat' dir='ltr'><strong>p.</strong></span> <span class='ocrx_word' id='word_1_263' title='bbox 1194 3223 1294 3268; x_wconf 83' lang='lat'><strong>783.</strong></span> <span class='ocrx_word' id='word_1_264' title='bbox 1316 3223 1416 3268; x_wconf 85' lang='lat'><strong>786.</strong></span> <span class='ocrx_word' id='word_1_265' title='bbox 1453 3224 1506 3267; x_wconf 90' lang='lat' dir='ltr'><strong>V.</strong></span> <span class='ocrx_word' id='word_1_266' title='bbox 1524 3223 1643 3268; x_wconf 88' lang='lat' dir='ltr'><strong>Rose</strong></span> <span class='ocrx_word' id='word_1_267' title='bbox 1663 3223 1852 3266; x_wconf 87' lang='lat' dir='ltr'><strong>Aristot.</strong></span> <span class='ocrx_word' id='word_1_268' title='bbox 1870 3222 2037 3279; x_wconf 87' lang='lat' dir='ltr'><strong>pseud-</strong></span> 
     </span>
     <span class='ocr_line' id='line_1_34' title="bbox 218 3301 2033 3364; baseline -0.004 -13"><span class='ocrx_word' id='word_1_269' title='bbox 218 3307 362 3364; x_wconf 87' lang='lat' dir='ltr'><strong>epigr-</strong></span> <span class='ocrx_word' id='word_1_270' title='bbox 385 3322 429 3363; x_wconf 87' lang='lat' dir='ltr'><strong>p·</strong></span> <span class='ocrx_word' id='word_1_271' title='bbox 448 3306 549 3350; x_wconf 84' lang='lat'><strong>472.</strong></span> <span class='ocrx_word' id='word_1_272' title='bbox 566 3306 667 3350; x_wconf 82' lang='lat'><strong>534.</strong></span> <span class='ocrx_word' id='word_1_273' title='bbox 699 3310 944 3363; x_wconf 84' lang='lat' dir='ltr'><strong>praeterea</strong></span> <span class='ocrx_word' id='word_1_274' title='bbox 976 3308 1228 3349; x_wconf 88' lang='lat' dir='ltr'><strong>occurrunt</strong></span> <span class='ocrx_word' id='word_1_275' title='bbox 1258 3304 1549 3360; x_wconf 87' lang='lat' dir='ltr'><strong>Pythodorus</strong></span> <span class='ocrx_word' id='word_1_276' title='bbox 1581 3303 1650 3359; x_wconf 87' lang='lat' dir='ltr'><strong>(cf.</strong></span> <span class='ocrx_word' id='word_1_277' title='bbox 1683 3317 1823 3359; x_wconf 85' lang='lat' dir='ltr'><strong>supra</strong></span> <span class='ocrx_word' id='word_1_278' title='bbox 1852 3317 1893 3358; x_wconf 88' lang='lat' dir='ltr'><strong>p.</strong></span> <span class='ocrx_word' id='word_1_279' title='bbox 1914 3301 2033 3358; x_wconf 78' lang='lat'><strong>119),</strong></span> 
     </span>
     <span class='ocr_line' id='line_1_35' title="bbox 219 3382 2039 3444; baseline -0.002 -14"><span class='ocrx_word' id='word_1_280' title='bbox 219 3386 372 3444; x_wconf 89' lang='lat' dir='ltr'><strong>Apion</strong></span> <span class='ocrx_word' id='word_1_281' title='bbox 404 3387 592 3443; x_wconf 90' lang='lat' dir='ltr'><strong>eiusque</strong></span> <span class='ocrx_word' id='word_1_282' title='bbox 626 3387 877 3443; x_wconf 85' lang='lat' dir='ltr'><strong>discipulus</strong></span> <span class='ocrx_word' id='word_1_283' title='bbox 907 3386 1179 3443; x_wconf 81' lang='lat' dir='ltr'><strong>Apollonius</strong></span> <span class='ocrx_word' id='word_1_284' title='bbox 1207 3384 1432 3439; x_wconf 84' lang='lat' dir='ltr'><strong>Archibii,</strong></span> <span class='ocrx_word' id='word_1_285' title='bbox 1463 3383 1541 3440; x_wconf 90' lang='lat' dir='ltr'><strong>qui</strong></span> <span class='ocrx_word' id='word_1_286' title='bbox 1569 3383 1694 3427; x_wconf 90' lang='lat' dir='ltr'><strong>idem</strong></span> <span class='ocrx_word' id='word_1_287' title='bbox 1723 3397 1824 3428; x_wconf 88' lang='lat' dir='ltr'><strong>esse</strong></span> <span class='ocrx_word' id='word_1_288' title='bbox 1851 3382 2039 3426; x_wconf 75' lang='lat' dir='ltr'><strong>uidetur</strong></span> 
     </span>
     <span class='ocr_line' id='line_1_36' title="bbox 220 3460 2036 3525; baseline -0.003 -14"><span class='ocrx_word' id='word_1_289' title='bbox 220 3482 273 3511; x_wconf 82' lang='lat' dir='ltr'><strong>ac</strong></span> <span class='ocrx_word' id='word_1_290' title='bbox 289 3467 558 3521; x_wconf 87' lang='lat' dir='ltr'><strong>Messenius,</strong></span> <span class='ocrx_word' id='word_1_291' title='bbox 594 3471 699 3525; x_wconf 82' lang='grc' dir='ltr'><em>περὶ</em></span> <span class='ocrx_word' id='word_1_292' title='bbox 729 3465 932 3525; x_wconf 78' lang='grc' dir='ltr'><em>ἀρχαίων</em></span> <span class='ocrx_word' id='word_1_293' title='bbox 960 3460 1249 3525; x_wconf 77' lang='grc' dir='ltr'><em>γραμμάτων</em></span> <span class='ocrx_word' id='word_1_294' title='bbox 1284 3464 1396 3521; x_wconf 86' lang='lat' dir='ltr'><strong>(sch.</strong></span> <span class='ocrx_word' id='word_1_295' title='bbox 1414 3463 1548 3507; x_wconf 91' lang='lat' dir='ltr'><strong>Dion.</strong></span> <span class='ocrx_word' id='word_1_296' title='bbox 1573 3463 1682 3507; x_wconf 90' lang='lat' dir='ltr'><strong>Thr.</strong></span> <span class='ocrx_word' id='word_1_297' title='bbox 1708 3477 1754 3520; x_wconf 88' lang='lat' dir='ltr'><strong>p.</strong></span> <span class='ocrx_word' id='word_1_298' title='bbox 1771 3462 1894 3518; x_wconf 86' lang='lat'><strong>484),</strong></span> <span class='ocrx_word' id='word_1_299' title='bbox 1929 3461 2036 3506; x_wconf 87' lang='lat' dir='ltr'><strong>Dio-</strong></span> 
     </span>
     <span class='ocr_line' id='line_1_37' title="bbox 219 3542 1658 3604; baseline -0.002 -14"><span class='ocrx_word' id='word_1_300' title='bbox 219 3561 360 3604; x_wconf 77' lang='lat' dir='ltr'><strong>genes</strong></span> <span class='ocrx_word' id='word_1_301' title='bbox 392 3548 465 3590; x_wconf 91' lang='lat' dir='ltr'><strong>uel</strong></span> <span class='ocrx_word' id='word_1_302' title='bbox 496 3546 810 3604; x_wconf 84' lang='lat' dir='ltr'><strong>Diogenianus</strong></span> <span class='ocrx_word' id='word_1_303' title='bbox 843 3549 893 3590; x_wconf 83' lang='lat' dir='ltr'><strong>et</strong></span> <span class='ocrx_word' id='word_1_304' title='bbox 925 3545 1198 3602; x_wconf 88' lang='lat' dir='ltr'><strong>Apollonius</strong></span> <span class='ocrx_word' id='word_1_305' title='bbox 1228 3544 1451 3600; x_wconf 84' lang='lat' dir='ltr'><strong>Dyscolus</strong></span> <span class='ocrx_word' id='word_1_306' title='bbox 1482 3542 1658 3599; x_wconf 82' lang='lat' dir='ltr'><strong>(Suid.).</strong></span> 
     </span>
    </p>
   </div>
  </div>
 </body>
</html>
