2236 4030
1200 328 1262 372 10

329 472 648 525 Ciceronem
686 472 773 542 qui
813 472 1114 524 academica
1149 478 1200 522 et
1245 470 1501 540 epistulas
1539 470 1699 522 modo
1739 471 1980 530 laudatas
2016 493 2136 528 a.u.

321 561 660 616 DOOVIIII
686 561 900 632 scripsit
937 560 1127 613 acriter
1161 561 1427 631 inpugnat
1448 558 1513 612 O.
1536 560 1767 613 Mueller
1792 562 1958 633 praef.
1979 562 2140 622 Varr.

320 652 435 722 p.V
455 671 551 722 sq.,
575 652 718 721 quod
753 670 822 703 ne
858 659 1174 723 conpertum
1214 650 1432 718 quidem
1454 650 1719 719 habuerit,
1740 651 2043 715 Varronem
2067 673 2139 708 ex

320 741 575 794 Antiochi
593 742 863 793 academia
877 742 931 793 in
946 749 1114 794 stoam
1135 741 1562 810 transmigrasse,
1576 740 1722 794 cuius
1737 741 2137 816 philosophiam

317 831 372 883 in
407 831 555 883 libris
595 831 660 883 de
699 832 882 902 lingua
932 832 1096 884 latina
1150 831 1342 884 eodem
1382 838 1625 903 tempore
1667 832 1984 905 conscriptis
2021 836 2137 890 fere

319 922 515 991 ubique
553 929 765 974 secutus
804 922 885 974 sit.
921 921 1063 992 quod
1096 941 1287 992 parum
1311 923 1647 975 considerate
1673 923 1868 994 posuit.
1911 926 1983 982 M.
2005 926 2133 980 Tul-

316 1011 445 1062 lium
483 1011 643 1077 enim,
678 1012 804 1063 licet
829 1012 1170 1079 antiquorum
1199 1012 1646 1084 philosophorum
1671 1032 1994 1084 graecorum
2014 1035 2134 1078 sen-

316 1100 504 1152 tentias
543 1102 722 1170 paullo
758 1102 1139 1172 neglegentius
1191 1110 1243 1154 et
1285 1103 1454 1156 cuiuis
1501 1104 1750 1175 proximo
1792 1106 2041 1178 scriptori
2075 1125 2132 1160 se

315 1189 517 1242 dedens
556 1191 868 1260 exposuerit
910 1190 1002 1256 (cf.
1039 1190 1103 1243 F.
1139 1190 1610 1250 Schleiermacher
1641 1193 1810 1247 kritik
1845 1195 1896 1248 d.
1932 1197 2131 1249 sittenl.

310 1300 362 1352 p.
387 1282 500 1334 157.
543 1282 612 1334 A.
637 1281 955 1334 B.Krische
992 1282 1192 1334 forsch.
1229 1281 1287 1334 in
1326 1283 1416 1335 alt.
1452 1283 1582 1354 phil.
1621 1285 1651 1338 I
1681 1303 1734 1355 p.
1769 1284 1853 1338 33.
1885 1285 1992 1339 444
2027 1286 2132 1357 sq.)

314 1370 381 1422 de
418 1372 573 1424 amici
604 1381 654 1424 et
680 1371 1033 1443 condiscipuli
1056 1373 1141 1440 (R.
1163 1372 1431 1425 Kuehner
1455 1371 1565 1426 Cic.
1586 1373 1642 1425 in
1664 1374 1796 1444 phil.
1817 1392 1947 1428 mer.
1968 1394 2021 1446 p.
2039 1377 2130 1445 38)

311 1480 470 1515 sensu
509 1470 562 1514 et
599 1463 873 1532 cogitandi
914 1462 1121 1515 ratione
1160 1469 1266 1515 tam
1307 1463 1550 1531 grauiter
1590 1482 1796 1518 errasse
1834 1465 2000 1537 idque
2035 1486 2130 1538 pu—

309 1552 446 1604 blice
484 1555 782 1623 professum
821 1570 955 1620 esse,
990 1570 1149 1604 nemo
1189 1552 1392 1619 credet,
1432 1553 1523 1621 qui
1554 1572 1812 1623 magnum
1840 1555 2132 1610 discrimen

307 1642 448 1694 inter
489 1643 697 1695 scholas
737 1640 858 1692 illas
908 1640 1074 1692 fuisse
1112 1648 1281 1711 putet.
1344 1640 1649 1694 Antiochus
1683 1658 1832 1709 uero,
1883 1642 2131 1705 Philonis

310 1733 398 1802 qui
446 1733 561 1805 ipse
604 1732 785 1786 stoicis
833 1732 1094 1784 nonnulla
1143 1739 1487 1784 concesserat
1519 1732 1748 1802 auditor,
1799 1751 2130 1792 nouaeaca-

309 1822 516 1875 demiae
552 1823 809 1894 placitum
847 1841 949 1875 nec
989 1822 1230 1875 sensibus
1270 1841 1372 1875 nec
1407 1823 1615 1875 ratione
1650 1823 1910 1894 cognosci
1935 1831 1988 1876 et
2010 1843 2129 1896 per-

309 1912 441 1983 spici
481 1914 770 1984 quidquam
809 1913 874 1963 ab
913 1911 1220 1964 hominibus
1270 1929 1428 1983 posse
1481 1911 1572 1964 diu
1621 1912 1874 1966 sustinuit
1919 1931 1982 1965 ac
2037 1912 2127 1965 de-

310 2003 509 2071 fendit,
581 2002 778 2055 deinde
839 2002 906 2053 de
971 2001 1211 2053 eiusdem
1279 2001 1586 2055 infirmitate
1656 2010 1709 2054 et
1772 2004 2129 2074 peruersitate

304 2094 558 2146 ‘omnium
593 2091 1043 2165 philosophorum
1081 2093 1359 2144 concursu'
1399 2091 1696 2161 conuictus,
1723 2093 2014 2146 stoicorum
2034 2093 2122 2147 de-

303 2191 450 2236 creta
499 2183 563 2235 de
615 2182 1080 2254 conprehensione
1135 2189 1188 2234 et
1243 2182 1648 2255 adprobatione,
1698 2191 1757 2235 ut
1796 2173 2124 2238 Ciceronem

302 2272 597 2339 κατάληψιν
625 2281 677 2325 et
704 2271 1091 2339 συγκατάθεσιν
1114 2281 1421 2326 uertentem
1459 2292 1670 2344 sequar,
1708 2275 2007 2347 adsumpsit
2034 2262 2125 2346 (cf.

303 2365 533 2418 Krische
556 2365 589 2417 l.
613 2365 647 2417 l.
669 2383 721 2434 p.
747 2365 843 2416 166
864 2383 943 2434 sq.
984 2363 1197 2434 Grysar
1219 2365 1270 2418 d.
1293 2364 1594 2419 academik.
1614 2365 1772 2419 Philo
1791 2386 1843 2419 u.
1864 2366 2124 2422 Antioch.

303 2476 354 2527 p.
379 2455 468 2522 25)
510 2463 562 2506 et
597 2456 736 2507 hanc
774 2455 919 2507 uiam
956 2456 1238 2526 ingressus
1286 2475 1359 2518 eo
1387 2476 1560 2527 usque
1586 2457 1880 2529 processit,
1925 2464 1982 2511 ut
2018 2478 2126 2511 non
2219 2492 2222 2497 -

300 2546 473 2598 solum
494 2545 894 2618 Chrysippeam
919 2546 1256 2599 dialecticam
1292 2553 1403 2598 toto
1442 2555 1669 2618 pectore
1705 2548 2127 2620 amplecteretur

302 2631 441 2701 (Cic.
462 2635 607 2687 acad.
628 2643 765 2706 post.
787 2635 845 2687 Π
863 2636 950 2703 46,
981 2635 1122 2703 143),
1160 2654 1350 2688 uerum
1381 2637 1539 2688 etiam
1570 2637 1632 2690 ‘si
1655 2650 1930 2713 perpauca
1953 2645 2123 2691 muta·

300 2724 484 2793 uisset,
522 2726 963 2796 germanissimus
989 2727 1207 2780 stoicus'
1237 2727 1426 2780 fuisset
1447 2727 1587 2797 (Cic.
1611 2728 1695 2780 1.1.
1715 2727 1801 2797 43,
1826 2714 1940 2782 132.
1984 2728 2123 2784 Sext

302 2814 822 2888 Emp.hyp.Pyrrh.
854 2819 1044 2887 1235).
1083 2836 1282 2890 nempe
1318 2818 1376 2872 in
1412 2819 1791 2890 philosophiae
1824 2827 1977 2890 parte
2015 2814 2130 2873 moss

300 2906 398 2959 rali
451 2906 552 2959 sibi
603 2908 842 2959 constitit
894 2907 1037 2978 (Cic.
1075 2907 1440 2978 l.l.43‚133),
1494 2908 1551 2960 in
1604 2909 1898 2964 dialecticis
1944 2919 2124 2967 autem

300 3015 409 3048 non
469 2998 645 3069 potuit
706 2999 888 3052 stoicis
943 2999 1143 3071 primas
1191 3018 1299 3052 non
1350 2999 1590 3069 deferre,
1646 3018 1876 3070 quorum
1923 3002 2124 3074 placita

302 3089 463 3141 etiam
503 3089 558 3141 in
595 3090 836 3159 physicis
879 3092 1142 3161 probasse
1188 3091 1419 3144 uidetur.
1470 3092 1618 3146 cuius
1666 3093 1773 3147 uiri
1818 3094 2122 3149 auditorem

299 3179 627 3249 fidelemque
666 3188 990 3234 sectatorem
1032 3202 1154 3235 cum
1192 3183 1498 3236 Varronem
1542 3183 1708 3237 fuisse
1754 3191 1980 3254 constet,
2026 3186 2121 3238 mi-

299 3270 444 3322 nime
481 3270 674 3322 mirum
713 3289 829 3324 esse
862 3272 1104 3344 adparet,
1140 3273 1284 3342 quod
1320 3282 1372 3326 et
1409 3274 1465 3327 in
1502 3273 1726 3344 reliquis
1767 3274 1981 3346 scriptis
2026 3276 2119 3344 (cf.

298 3360 360 3413 L.
404 3360 656 3413 Krahner
694 3361 726 3412 l.
749 3362 783 3414 l.
821 3381 873 3434 p.
898 3362 930 3414 8
958 3381 1036 3432 sq.
1073 3364 1293 3434 grundl.
1333 3385 1378 3416 z.
1414 3364 1598 3435 gesch.
1634 3363 1684 3416 d.
1721 3364 1947 3437 verf4d.
1985 3372 2118 3419 rom.

300 3451 558 3503 staatsrel.
583 3471 633 3522 p.
657 3452 741 3505 51.
784 3451 999 3506 C.H.1.
1023 3449 1314 3508 Francken
1347 3455 1541 3527 fragm.
1563 3455 1722 3509 Varr.
1762 3473 1896 3528 quae
1937 3456 2119 3513 inuen.

299 3539 356 3590 in
390 3539 507 3592 libr.
548 3539 605 3593 S.
645 3541 880 3613 August.
922 3542 990 3595 de
1029 3544 1132 3596 eiu,
1174 3545 1261 3597 dei
1298 3565 1351 3617 p.
1384 3542 1505 3615 160)
1541 3547 1709 3600 multa
1751 3553 1922 3601 stoam
1962 3548 2117 3602 redo-
