2280 4088
969 361 1067 408 103

99 507 179 563 dit
210 506 282 561 ad
319 512 455 575 eam',
491 523 650 577 quam
687 503 990 574 Dionysius
1029 503 1195 556 habet
1236 503 1312 575 (p.
1336 501 1438 554 629
1471 501 1648 555 Bekk.
1693 501 1758 554 cf.
1784 501 1938 557 Sext.

98 599 257 672 Emp.
290 598 413 652 adn.
455 615 685 667 gramm.
731 595 891 666 2ἷ)2);
950 594 1158 658 πρῶτον
1199 591 1493 661 ἀνάγνωσις
1525 589 1769 658 ἐντριβὴς
1807 590 1941 642 κατὰ

98 688 415 758 κροςῳδίαν,
457 688 698 755 δεύτερον
742 686 984 754 ἐξήγησις
1022 682 1154 737 κατὰ
1191 683 1308 743 τοὺς
1345 683 1744 750 ἐνυπάρχοντας
1794 701 1941 750 ποιη-

29 843 41 857 ·
95 777 269 840 τιοίοὑς
302 780 548 848 τρόπους,
586 777 760 847 ’τρίτον
796 779 1054 846 γλωσσῶν
1093 795 1147 828 τε
1197 795 1281 827 και
1339 772 1588 841 ἱστοριῶν
1653 770 1941 840 πρόχειρος

98 868 368 934 ἀπόδοσις,
413 869 662 938 τέταρτον
710 868 1056 936 ἐτυμολογίας
1093 865 1319 937 εὕρεσις,
1374 865 1609 931 πέμπτον
1653 861 1941 932 ἀναλογίας

63 961 423 1032 ’ἐκλογισμός,
482 963 630 1015 ἕκτον
669 961 843 1030 κρίσις
913 958 1246 1029 ποιημάτωνὴ
1310 954 1340 1009 ὃ
1396 954 1461 1022 δὴ
1510 954 1789 1006 κάλλιστόν
1827 955 1940 1007 ἐστι

94 1052 304 1108 πάντων
320 1055 425 1107 τῶν
451 1053 507 1112 ἐν
534 1053 790 1122 τῇτέχνῃ.
828 1071 927 1125 pro
967 1070 1072 1122 qua
1111 1049 1307 1104 deinde
1332 1049 1372 1121 l)
1409 1049 1550 1102 hanc
1584 1067 1653 1102 ua
1671 1047 1836 1101 luisse
1864 1053 1938 1100 te-

94 1151 266 1199 statur
301 1143 590 1198 scholiasta
627 1143 820 1214 p.736‚
849 1143 911 1196 ὃς
950 1138 1008 1192 τὸ
1049 1142 1214 1191 πάλαι
1247 1140 1386 1207 μέρη
1422 1140 1515 1206 τῆς
1554 1137 1940 1206 γραμματικῆς

94 1227 159 1300 ἦν
194 1231 428 1300 τέσσαρα
465 1234 558 1285 καί
596 1232 703 1285 εἰσί
741 1233 907 1285 ταῦτα
931 1254 942 1267 ·
999 1228 1349 1297 διορθωτικὸν
1391 1227 1793 1298 ιῖναγνωστικὸν
1825 1229 1938 1297 ἐξη-

92 1320 304 1392 γητικὸν
341 1324 588 1391 κριτικόν.
661 1326 798 1378 hanc
836 1324 1006 1395 igitur
1044 1325 1222 1377 Varro
1259 1331 1472 1378 secutus
1515 1330 1595 1375 est
1636 1329 1689 1375 et
1721 1322 1939 1392 singula

94 1418 199 1489 quo'
212 1416 343 1469 ‘fere
357 1414 520 1470 modo
542 1414 816 1470 definierit
836 1433 866 1468 e
880 1414 1171 1484 Diomede,
1193 1414 1283 1483 qui
1303 1414 1408 1468 hoc
1428 1413 1799 1483 fragmentum
1821 1412 1935 1479 (93)

91 1505 332 1560 seruauit
370 1505 775 1577 conligendum,
810 1525 935 1559 nam
959 1524 1070 1558 non
1098 1504 1259 1558 modo
1285 1494 1454 1576 ipsine
1474 1503 1743 1559 Varronis
1769 1503 1938 1556 uerba

93 1596 323 1649 mutauit
361 1604 416 1650 et
452 1599 583 1651 satis
619 1597 987 1667 neglegenter
1023 1613 1141 1649 rem
1171 1595 1302 1666 egit,
1339 1614 1533 1648 uerum
1558 1595 1720 1647 etiam
1747 1594 1816 1646 de
1837 1613 1934 1647 suo

91 1689 236 1742 haud
278 1708 451 1762 pauca
485 1689 712 1743 addidit.
777 1688 1170 1761 explicationes
1207 1687 1353 1741 enim
1391 1687 1634 1741 omnium
1684 1692 1939 1758 quattuor

22 1835 27 1837 ,
93 1780 395 1835 officiorum
431 1796 462 1832 e
496 1779 708 1833 duobus
745 1778 1006 1832 membris
1046 1784 1313 1846 constant,
1352 1796 1583 1848 quorum
1625 1775 1809 1849 priora
1848 1783 1939 1827 aut

92 1871 271 1943 ipsum
305 1870 649 1942 excogitasse
686 1877 777 1923 aut
814 1887 884 1923 ex
902 1868 1008 1922 alio
1031 1868 1301 1940 scriptore
1321 1868 1419 1921 sed
1438 1867 1660 1921 minime
1687 1866 1938 1920 Varrone

93 1961 358 2016 adiecisse
396 1980 509 2017 non
549 1961 773 2015 dubium
810 1968 907 2014 est.
952 1960 1007 2014 id
1050 1960 1194 2031 quod
1233 1959 1413 2013 statim
1447 1959 1507 2013 in
1536 1960 1711 2032 primo
1755 1957 1937 2013 officio

93 2051 450 2124 conspicuum
488 2059 586 2106 est.
625 2050 755 2106 dicit
794 2050 967 2104 enim:
1008 2049 1186 2104 ‘lectio
1226 2057 1309 2103 est
1345 2049 1644 2103 artificialis
1667 2050 1934 2120 interpre-

265 2258 310 2314 1)
340 2240 472 2303 Idem
502 2258 752 2304 scholiasta
782 2273 826 2315 p.
850 2257 952 2313 737,
981 2257 1064 2302 22:
1096 2254 1179 2302 ἐὰν
1209 2251 1291 2302 οὖν
1321 2256 1373 2302 τὸ
1406 2253 1547 2302 πάλαι
1582 2261 1793 2317 τέσσαρα
1824 2261 1944 2318 μέρη

5 2331 10 2335 ’
91 2331 149 2394 ἦν
176 2339 254 2391 τῆς
282 2340 622 2398 γραμματικῆς,
667 2341 766 2388 πῶς
806 2341 888 2384 νῦν
918 2338 966 2388 ἕξ
994 2334 1106 2383 αὐτοὶ
1137 2326 1282 2399 φησιν
1318 2338 1343 2383 ὁ
1387 2334 1632 2388 Διονύσιος
1645 2359 1659 2393 ,·
1715 2336 1765 2383 τὸ
1808 2338 1860 2384 ἓν
1899 2340 1948 2389 ἐξ

93 2415 243 2466 αὗῐῶν
274 2414 454 2478 ἐτμήθη
491 2423 556 2470 εἰς
584 2424 695 2478 τρία
715 2422 791 2464 καὶ
822 2417 876 2463 τὰ
909 2420 1004 2479 μὲν
1042 2414 1154 2464 ἄλλα
1184 2424 1285 2478 τρία
1316 2415 1567 2477 γεγόνασιν
1602 2419 1662 2469 ἕξ.
1721 2418 1945 2464 τὰποῖον

93 2495 272 2560 ἐτμήθη
304 2503 369 2553 εἰς
400 2506 500 2559 τρία
510 2521 525 2555 ;
554 2499 604 2545 τὸ
642 2496 953 2559 διορθωτικόν.
1018 2501 1150 2558 cf..p.
1169 2501 1270 2545 659.
1297 2501 1397 2545 671.
1428 2500 1530 2545 683.
1548 2500 1649 2545 728.
1703 2500 1762 2544 E.
1797 2501 1945 2544 Meier

94 2595 248 2640 opusc.
285 2581 332 2627 II
361 2597 406 2638 p.
426 2582 483 2627 21
507 2597 570 2638 sq.
615 2582 695 2627 sed
729 2582 972 2634 euidenter
1004 2582 1178 2626 errauit
1209 2582 1287 2638 qui
1318 2582 1432 2631 haec
1460 2582 1666 2638 scripsit.
1704 2595 1761 2624 ex
1790 2581 1943 2624 tribus

92 2662 305 2722 partibus
353 2662 499 2721 enim,>
541 2678 653 2720 quas
696 2663 744 2706 in
791 2663 1075 2721 διορθωτικῷ
1121 2663 1391 2707 coniunctas
1439 2677 1539 2707 esse
1595 2661 1742 2716 dicit,
1791 2661 1944 2718 prima

5 2742 12 2750 “
93 2743 338 2802 (γλωσσῶν
370 2746 447 2787 καὶ
477 2743 690 2802 ἱστοριῶν
720 2739 961 2800 ἀπόδοσις)
999 2744 1185 2788 omnino
1227 2759 1322 2788 non
1365 2744 1423 2788 ad
1466 2739 1719 2802 διόρθωσιν
1771 2743 1852 2787 sed
1884 2743 1944 2786 ad

94 2812 304 2887 ἐξήγησιν
333 2824 490 2881 paullo
523 2825 628 2881 plus
661 2839 798 2880 quam
828 2825 951 2881 apud
982 2825 1254 2880 Dionysium
1286 2825 1616 2882 amplificatam
1655 2824 1863 2882 pertinet
1896 2817 1946 2867 et

94 2902 546 2962 similiter‘reliqu'ae
579 2905 710 2959 duae,
746 2905 986 2962 analogiae
1009 2910 1056 2949 et
1073 2906 1379 2962 etymologiae
1399 2905 1622 2960 inuentio,
1657 2919 1943 2962 quamquam

93 2982 179 3027 hae
195 2984 471 3040 praesertim
487 2984 702 3040 analogia
717 2998 811 3027 non
827 2999 934 3027 raro
953 2984 1290 3028 emendationis
1320 2985 1460 3029 duces
1495 2989 1627 3031 erant
1647 3001 1672 3044 3·
1690 2984 1939 3040 Dionysius

93 3076 206 3108 ueto
237 3060 294 3107 de
330 3078 490 3108 earum
521 3064 570 3108 in
599 3059 847 3122 διορθώσει
881 3080 968 3108 usu
998 3065 1115 3108 nihil
1144 3064 1390 3122 significat.
1432 3080 1596 3110 uerum
1630 3066 1788 3122 potius
1820 3066 1934 3110 haec

95 3143 244 3196 ,aliem
284 3144 454 3195 diuisio
495 3159 552 3189 ex
594 3144 876 3201 Dionysiana.
921 3147 1026 3189 orta
1071 3150 1144 3189 est
1189 3146 1266 3203 (cf.
1319 3146 1375 3189 H.
1412 3147 1641 3191 Steinthal
1694 3147 1846 3203 gesch.
1891 3146 1934 3190 d.

98 3223 319 3281 sprachw.
352 3239 396 3281 p.
422 3224 546 3280 547),
588 3225 669 3268 sed
712 3240 902 3281 prorsus
946 3226 1036 3269 alio
1081 3231 1275 3283 spectat.
1337 3227 1586 3283 Dionysius
1619 3227 1742 3270 enim
1773 3226 1822 3269 in
1856 3242 1938 3270 sua

98 3303 327 3348 diuisione
358 3319 438 3348 sex
470 3305 655 3348 omnino
686 3310 845 3362 partes
878 3306 1151 3363 praecipuas
1183 3308 1512 3364 grammaticae
1547 3321 1663 3362 quae
1701 3310 1813 3350 tunc
1841 3310 1942 3350 erat

93 3384 449 3441 conprehendit,
481 3386 630 3429 altera
663 3389 821 3430 tamen
852 3386 914 3430 ad
942 3387 1228 3443 praeclaram
1261 3392 1444 3432 tantum
1471 3387 1750 3431 industriam
1781 3387 1941 3431 docto-

94 3478 200 3508 rum
232 3464 440 3509 uirorum
468 3466 690 3522 pertinet,
728 3481 843 3522 quae
878 3467 925 3509 in
949 3467 1158 3523 legendis
1188 3468 1486 3512 recensendis
1508 3467 1814 3510 aestimandis
1833 3482 1941 3524 poe-

98 3546 252 3587 tarum
281 3545 654 3602 scriptorumque
696 3547 827 3591 libris
859 3548 1147 3602 uertebatur‚
1191 3552 1239 3592 et
1278 3548 1465 3604 egregie
1511 3560 1735 3589 summam
1783 3562 1938 3590 rerum

100 3622 424 3681 conplectitur.
1859 3625 1862 3628 ’
