2222 4056
1197 354 1296 399 104

335 498 463 551 tatio
506 499 594 550 uel
630 497 780 550 uaria
819 497 1075 567 cuiusque
1115 499 1299 570 scripti
1348 498 1639 552 enuntiatio
1681 499 1926 555 seruiens
1977 501 2150 573 digni-

329 589 425 642 tati
462 607 816 659 personarum
869 589 1285 659 exprimensque
1343 589 1503 641 animi
1559 589 1802 642 habitum
1857 590 2150 662 cuiusque’,

332 696 467 748 quae
506 679 648 731 inter
685 697 742 731 se
779 699 888 733 non
925 681 1218 734 conuenire
1256 681 1502 751 adparet·
1535 681 1792 753 priusque
1830 681 1967 734 illud
2005 684 2147 737 male

330 772 436 823 huc
469 770 697 823 inlatum
737 780 790 824 et
827 773 1128 826 eiciendum
1171 781 1265 826 est.
1307 773 1537 825 alterum
1576 772 1830 827 conuenit
1854 771 1990 827 'cu-m*
2015 772 2146 828 Dio·
2207 803 2217 847 ;

329 860 485 930 nysio
522 880 573 932 p.
599 860 730 914 629:
795 856 1085 926 ἆνοίγνωσι’ς
1136 860 1241 911 ἐστι
1300 858 1606 925 ποιημάτων
1647 856 1680 926 ἢ
1724 861 2150 928 συγγραμμάτων

334 946 661 1006 ἀδιάπτωτος
699 947 966 1015 προφορά.
1010 946 1367 1015 ἀναγνωστέον
1407 948 1462 998 δὲ
1503 951 1628 998 καθ’
1668 945 1964 1016 ὑπόκρισιν,
2004 950 2150 1003 κατὰ

331 1037 646 1104 προςῳὸιάν,
687 1034 818 1086 κατὰ
860 1037 1155 1104 ὃιαστολήν,
1190 1046 1250 1091 ut
1286 1058 1396 1091 non
1431 1039 1670 1092 dubitem
1708 1041 1839 1110 quin
1871 1037 2151 1106 artificialis

325 1130 665 1190 interpretatio
703 1133 982 1178 accentum
1024 1134 1077 1178 et
1115 1125 1495 1179 discretionem
1531 1129 1819 1199 expulerit.
1858 1133 2146 1185 enarratio-

327 1213 409 1266 nis
447 1200 866 1284 explicationem
905 1215 996 1266 uel
1033 1214 1267 1267 latinitas
1305 1217 1486 1285 arguit
1531 1236 1643 1269 non
1681 1226 1926 1271 accurate
1960 1237 2149 1274 secun-

329 1304 456 1357 dum
508 1304 814 1356 Varronem
858 1303 1087 1374 positam
1137 1303 1232 1358 sed
1278 1305 1607 1374 generaliter
1667 1324 1738 1358 ex
1797 1307 1911 1360 eius
1966 1315 2148 1362 mente

325 1395 683 1466 perscriptum
721 1411 857 1462 esse,
915 1415 1017 1465 qua
1051 1395 1107 1447 in
1142 1413 1202 1447 re
1242 1395 1328 1448 hic
1377 1414 1591 1468 quoque
1646 1399 1909 1468 quaedam
1942 1399 2145 1456 romissa

328 1503 445 1543 esse
483 1485 753 1538 uidentur.
791 1485 1086 1556 respondet
1123 1487 1267 1538 enim
1289 1486 1551 1540 Varronis
1589 1489 1855 1542 enarratio
1892 1489 2148 1560 Dionysii

326 1573 580 1641 γλωσσῶν
616 1592 670 1623 τε
707 1573 797 1624 καί
835 1572 1081 1641 ἱστοριῶν
1123 1573 1391 1635 ἀποδόσει,
1466 1594 1493 1628 e
1541 1578 1734 1649 quibus
1772 1579 2050 1632 historiam
2091 1579 2148 1632 id

328 1674 408 1718 est
445 1666 678 1718 fabulam
718 1673 910 1737 poetae
946 1671 1396 1736 argumentumue
1432 1666 1775 1739 scriptorum,
1829 1669 1976 1740 quod
2012 1671 2148 1724 Var-

321 1775 509 1810 ronem
531 1756 845 1826 neglexisse
866 1774 1027 1827 neg0,
1048 1758 1249 1809 frustra
1270 1757 1496 1826 quaeris.
1530 1757 1597 1810 de
1615 1759 1991 1814 emendatione
2010 1761 2145 1814 haec

319 1848 484 1899 habet
505 1847 829 1900 Diomedes:
867 1847 1293 1900 ‘emendatio-est
1320 1866 1422 1916 qua
1446 1848 1662 1918 singula
1690 1869 1789 1922 pro
1821 1857 1879 1902 ut
1904 1850 2023 1923 ipsa
2051 1856 2143 1907 res

320 1939 559 2011 postulat
589 1938 872 2007 dirigimus
912 1938 1257 1992 aestimantes
1294 1939 1671 1992 uniuersorum
1705 1941 2029 2012 scriptorum
2064 1943 2144 1995 di-

320 2046 534 2081 uersam
572 2029 896 2082 sententiam
939 2029 1029 2082 uel
1065 2031 1394 2084 recorrectio
1453 2048 1695 2084 errorum
1736 2032 1838 2104 qui‘
1865 2051 1964 2103 per
2014 2033 2144 2087 sori-

319 2127 532 2191 pturam
565 2119 930 2172 dictionemue
949 2121 1136 2173 fiunt’.·
1160 2128 1219 2173 ut
1254 2121 1488 2192 primum
1526 2122 1593 2174 de
1631 2123 1866 2176 secundo
1901 2124 2143 2177 membro

319 2209 526 2280 loquar,
563 2209 758 2262 mirum
795 2228 922 2262 sane
959 2218 1057 2279 est,
1096 2230 1216 2263 cum
1252 2211 1306 2263 in
1341 2219 1454 2264 tota
1487 2212 1587 2265 hac
1615 2212 1958 2282 expositione
1985 2213 2052 2267 de
2079 2232 2142 2267 ea

320 2306 509 2369 agatur
563 2301 936 2370 grammatica,
1006 2320 1138 2372 quae
1197 2303 1252 2354 in
1310 2302 1559 2371 legendis
1609 2303 2137 2376 interpretandisque

321 2390 497 2461 poetis
536 2391 782 2459 uertitur,
823 2392 950 2461 quid
989 2392 1088 2446 sibi
1127 2393 1214 2446 hic
1251 2393 1385 2445 uelit
1425 2393 1603 2448 dictio,
1683 2394 1846 2448 dictio
1883 2395 2144 2450 Diomedi

319 2480 465 2534 idem
504 2489 582 2534 est
621 2481 765 2553 quod
804 2481 1007 2549 λέξις,1)
1050 2482 1184 2542 λέξις
1221 2490 1400 2535 autem
1437 2491 1527 2536 aut
1549 2484 1742 2537 uitiosa
1768 2493 1857 2538 aut
1880 2485 2017 2538 iusta
2045 2493 2142 2554 est,

322 2579 375 2624 et
411 2589 565 2624 error
601 2572 690 2642 qui
729 2591 828 2644 per
860 2572 1151 2626 dictionem
1171 2575 1231 2627 fit
1248 2574 1304 2627 in
1324 2574 1463 2628 libro
1482 2576 1682 2648 scripto
1713 2575 1856 2629 idem
1882 2567 1961 2629 e'st
1982 2583 2145 2648 atque

319 2658 364 2712 is
394 2661 622 2731 qui'per
658 2661 979 2733 scripturam
1019 2663 1096 2735 fit,
1133 2663 1236 2716 nisi
1276 2682 1385 2716 non
1422 2664 1558 2736 aptis
1583 2665 1815 2735 scriptor
1836 2664 2004 2717 utitur
2024 2666 2143 2717 uer-

320 2750 419 2819 bis,
461 2769 594 2822 quae
636 2752 912 2821 corrigere
951 2744 1255 2822 nonlicet,
1301 2773 1370 2807 ne
1418 2755 1732 2808 arbitrariae
1781 2742 2017 2809 rationes
2053 2774 2144 2809 ua-

320 2840 467 2893 leant
502 2849 554 2893 et
591 2842 914 2911 scriptorum
952 2843 1254 2914 proprietas
1297 2845 1662 2914 extinguatur.
1703 2864 1866 2915 quare
1890 2852 2145 2901 dictionem

320 2929 450 2984 ferri
483 2949 591 3003 non
630 2949 788 3002 posse
827 2933 1074 3000 maleque
1097 2934 1349 3004 scriptam
1373 2952 1490 2986 esse
1511 2954 1609 3005 pro
1637 2943 1896 2990 dictatione
1925 2954 2140 3005 censeO,

322 3021 464 3091 quod
501 3023 827 3075 uocabulum
882 3023 1023 3093 apud
1076 3023 1367 3095 scriptores
1422 3027 1736 3094 posterioris
1793 3026 1979 3080 aetatis
2034 3046 2144 3080 non

318 3131 439 3168 raro
465 3113 701 3165 occurrit
721 3113 896 3182 (Paul.
925 3113 1119 3185 digest.
1159 3114 1450 3168 XXVIIII
1477 3116 1523 3184 l,
1541 3116 1626 3168 40.
1664 3116 1985 3186 Hieronym.
2017 3116 2139 3170 adu.

483 3347 528 3404 1)
555 3347 705 3391 Diom.
721 3347 879 3404 p.436‚
895 3348 969 3392 10:
1005 3348 1163 3392 ‘dictio
1193 3352 1264 3393 est
1294 3363 1386 3393 uox
1417 3349 1662 3393 articulata
1694 3365 1799 3394 cum
1827 3350 1981 3407 aliqua
1999 3351 2141 3408 signi-

317 3426 546 3482 ficatione,
570 3442 627 3471 ex
644 3441 734 3483 qua
750 3427 996 3470 instruitur
1015 3427 1163 3471 oratio
1183 3428 1292 3472 etin
1317 3443 1452 3484 quam
1473 3429 1742 3485 resoluitur3
1776 3430 1851 3473 uel
1869 3429 1957 3475 sic:
1991 3430 2139 3475 dictio

317 3513 388 3554 est
426 3525 485 3554 ex
520 3511 724 3566 syllabis
747 3510 877 3555 finita
923 3525 1027 3555 cum
1064 3510 1399 3567 significatione
1441 3514 1567 3556 certa
1609 3511 1796 3568 locutio,
1842 3516 1893 3557 ut
1926 3516 1996 3557 est
2028 3513 2132 3566 dico

316 3587 463 3634 facio'.
1853 3618 1870 3626 w
1925 3606 2081 3639 ’ΝΜ
2124 3616 2126 3619 v
