2314 4056
1189 378 1288 425 198

246 530 332 582 68*
477 523 884 577 Consideranda
935 531 1218 596 praeterea
1270 526 1327 578 in
1385 525 1571 578 metris
1629 527 1749 578 cola
1798 541 1937 598 qnae
1979 527 2150 581 latine

333 613 593 681 membra,
631 613 759 666 item
802 633 1029 682 comma,
1071 615 1216 683 quod
1255 633 1474 667 caesum
1520 635 1550 667 a
1596 616 1753 668 nobis
1799 616 2022 688 proprie
2067 617 2147 670 di·-

328 702 485 771 citur,
519 706 527 768 Ι
560 720 788 770 quorum
828 703 1131 757 differentia
1184 704 1305 756 talis
1365 711 1460 757 est.
1535 705 1692 758 colon
1729 713 1809 759 est
1845 707 2145 760 membrum

329 787 474 862 quod
518 787 683 844 finitis
720 799 929 847 constat
980 792 1227 864 pedibuS,
1283 812 1492 846 comma
1546 800 1723 846 autem
1782 794 1839 847 in
1894 812 1998 864 quo
2051 794 2144 847 uel

328 901 454 954 pars
509 881 663 951 pedis
724 889 822 934 est.
879 883 886 951 Ι
936 891 1116 955 partes
1162 902 1295 954 ergo
1350 902 1541 936 uersus
1598 901 1719 936 cum
1777 900 1839 936 ea
1877 903 1982 956 qua
2017 899 2195 943 con-5

328 969 542 1023 iunctus
581 979 696 1023 erat
732 979 887 1044 parte
925 968 1257 1042 dissoluitur,
1292 973 1413 1026 cola
1453 973 1713 1043 efficient,
1752 963 1875 1028 cum
1912 987 2044 1028 uero
2084 992 2148 1028 ea

328 1076 433 1129 qua
470 1060 785 1115 coniunctus
839 1070 955 1115 erat
1001 1071 1154 1133 parte
1204 1062 1515 1132 absciditur,
1567 1063 1834 1135 particula
1884 1081 2021 1134 quae
2072 1062 2148 1117 di—

327 1150 482 1202 uolsa
517 1169 587 1202 ex
624 1168 687 1203 eo
716 1159 797 1204 est
826 1171 1033 1205 comma
1058 1153 1297 1206 dicetur:
1336 1161 1396 1205 ut
1431 1153 1490 1206 in
1525 1153 1633 1206 illis
1665 1171 1856 1207 uersus
1891 1153 2150 1224 soluatur,

325 1238 382 1293 in
416 1239 501 1292 his
532 1240 804 1295 caedatur.
846 1262 1017 1295 anam
1037 1243 1312 1313 periodus,
1333 1262 1468 1315 quae
1502 1244 1668 1297 latina
1702 1243 2151 1316 interpretatione

328 1328 583 1383 circuitus
603 1331 695 1384 uel
718 1332 948 1386 ambitus
967 1341 1208 1403 uocatur,
1222 1333 1293 1399 [id
1316 1341 1397 1386 est
1420 1333 1737 1407 compositio
1762 1333 1962 1405 pedum
1979 1333 2144 1388 trium
2165 1355 2221 1399 10

326 1422 417 1474 uel
455 1429 703 1490 quattuor
736 1424 827 1476 uel
863 1423 1222 1495 complurium
1266 1424 1520 1477 similium
1569 1432 1730 1494 atque
1784 1423 2148 1491 dissimilium]

327 1507 397 1565 ad
431 1510 488 1564 id
525 1511 742 1566 rediens
778 1513 925 1567 unde
963 1515 1247 1568 exordium
1295 1513 1539 1587 sumpsit,
1590 1514 1725 1568 sicut
1778 1513 2038 1586 temporis
2069 1515 2149 1571 lu-

329 1608 499 1653 strum
518 1602 611 1654 uel
634 1621 908 1655 sacrorum
938 1604 1190 1657 trieteris.
1225 1605 1299 1657 ita
1327 1605 1454 1657 etin
1474 1604 1755 1675 poematiS,
1791 1604 2004 1674 quando
2041 1620 2151 1657 non

494 1729 591 1773 68*.
654 1730 770 1776 Mar.
804 1733 977 1777 Vict.1
1006 1733 1077 1788 13,
1112 1734 1137 1777 1
1169 1749 1214 1791 p.
1236 1733 1443 1778 2497P.:
1497 1734 1946 1779 Consideranda
1975 1747 2150 1792 prae-

326 1792 494 1833 terea
526 1822 536 1832 .
570 1823 579 1832 .
615 1823 625 1833 .
656 1792 903 1848 proprie
938 1792 1183 1846 dicitur,
1225 1792 1274 1836 id
1316 1797 1387 1836 est
1431 1797 1638 1837 extrema
1670 1797 1719 1837 et
1754 1794 1919 1850 exigua
1952 1796 2066 1850 'pars
2099 1793 2148 1837 in

326 1847 501 1902 metria,
533 1861 749 1892 mensura
782 1851 905 1893 enim
946 1865 1026 1894 seu
1065 1852 1228 1895 modus
1268 1855 1524 1896 metrorum
1566 1852 1830 1896 huiusmodi
1879 1852 2148 1911 accipietur,

327 1920 434 1950 nam
460 1910 718 1951 extremum
757 1907 807 1951 in
843 1909 915 1952 his
964 1916 1101 1965 atque
1144 1911 1367 1966 ultimum,
1417 1911 1538 1967 quod
1581 1925 1718 1955 mono
1749 1914 1933 1955 metron
1963 1911 2148 1966 dicitur,

329 1969 512 2009 constat
552 1981 607 2009 ex
651 1981 743 2010 uno
786 1968 919 2024 pede,
961 1969 1211 2012 maximum
1252 1984 1364 2013 uero
1395 1984 1537 2025 usque
1576 1970 1635 2013 ad
1667 1970 1910 2027 periodum
1941 1969 2149 2014 decama-

327 2027 454 2071 trum
496 2024 777 2082 porrigetur,
827 2041 1071 2082 quorum
1113 2027 1475 2073 differentia
1507 2062 1516 2072 .
1550 2062 1559 2070 .
1593 2063 1602 2071 .
1634 2029 1802 2085 pedis
1831 2031 1940 2073 est.
2013 2030 2151 2072 erunt

332 2083 488 2138 itaque
521 2084 623 2127 cola
651 2085 906 2140 particulae
938 2087 1194 2130 solutorum
1214 2090 1482 2142 metrorum,
1501 2091 1554 2131 ut
1582 2088 1720 2131 ‘arma
1741 2087 1982 2145 uirumque
2003 2086 2148 2144 ola-no'.

329 2141 477 2185 omnis
506 2147 660 2186 autem
690 2157 852 2187 uersus
884 2142 997 2188 κατὰ
1027 2143 1077 2188 τὸ
1109 2147 1325 2190 πλεῖστον
1356 2145 1406 2188 in
1435 2146 1526 2189 duo
1559 2146 1659 2190 cola
1688 2145 1924 2201 diuiditur,
1961 2145 2150 2201 abusiue

329 2206 484 2244 autem
517 2205 564 2245 et
596 2216 774 2247 comma
798 2202 970 2247 dicitur
1000 2204 1147 2249 colon.
1216 2203 1287 2247 his
1329 2204 1512 2260 quidam
1561 2205 1818 2263 adiungunt
1858 2204 2056 2249 stichum
2099 2203 2151 2253 id

331 2263 404 2303 est
433 2271 619 2303 uersum
651 2261 735 2305 sub
767 2260 1025 2306 huiusmodi
1067 2262 1340 2318 differentia,
1379 2266 1432 2306 ut
1474 2264 1535 2307 sit
1569 2278 1728 2308 versus
1765 2263 1843 2321 qui
1871 2262 2053 2308 excedit
2083 2262 2149 2306 di-

327 2320 539 2372 metrum,
570 2318 693 2363 unde
723 2323 770 2363 et
801 2320 1141 2366 hemistichium
1176 2321 1359 2377 dicitur,
1389 2322 1523 2366 colon
1556 2326 1710 2366 autem
1740 2325 1788 2366 et
1819 2335 1998 2367 comma
2026 2321 2150 2370 intra

326 2376 588 2421 dimetrum.
650 2378 740 2421 erit
769 2378 927 2436 itaque
960 2381 1095 2425 colon
1130 2395 1234 2424 cum
1263 2381 1473 2436 integrae
1506 2381 1681 2425 fuerint
1714 2381 1936 2438 syzygiae,
1971 2394 2150 2425 comma

324 2448 436 2479 uero
468 2450 573 2480 cum
603 2436 912 2493 imperfectae.
974 2439 1164 2496 proprie
1197 2443 1352 2483 autem
1383 2440 1539 2496 graeci
1572 2440 1673 2484 cola
1705 2439 1879 2494 dicunt,
1908 2453 2148 2496 quaecum-

329 2508 416 2550 qne
451 2494 575 2539 circa
605 2495 842 2540 iuncturas
878 2501 957 2542 aut
993 2502 1121 2541 artus
1155 2502 1372 2555 porrecta
1412 2502 1520 2542 sunt
1561 2498 1610 2542 in
1640 2498 1977 2568 longitudinem
2009 2512 2150 2542 mems-

325 2553 424 2607 bra,
458 2554 582 2597 unde
615 2554 864 2612 Euripides
895 2559 984 2600 ‘nat
1016 2558 1136 2600 κῶλα
1168 2552 1325 2605 κώλοις
1352 2552 1602 2615 τετράπουν
1628 2556 1926 2616 μιμησομαι’,
1961 2556 2151 2602 brachia

326 2612 504 2656 scilicet
535 2616 582 2656 et
611 2612 796 2657 femina.
867 2628 894 2654 κ
926 2616 1047 2660 unde
1090 2616 1268 2660 dictum
1297 2618 1437 2675 μέλος
1479 2616 1603 2673 (libri
1643 2617 1764 2660 unde
1805 2616 1982 2663 dictum
2009 2618 2150 2675 μέλος

324 2670 514 2715 brachia
543 2686 605 2716 sc.
638 2677 684 2716 et
712 2673 837 2724 fem.)
871 2691 898 2715 ⁴⁶
938 2689 1023 2718 nec
1061 2675 1109 2718 in
1150 2679 1299 2718 metro
1333 2692 1373 2718 ³⁶.
1440 2675 1562 2731 apud
1608 2675 1828 2732 quosdam
1874 2676 1988 2719 haec
2029 2676 2150 2719 eem-

325 2729 526 2774 muniter
555 2733 671 2789 μέλη
703 2732 1010 2789 appellantur,
1045 2747 1161 2789 quae
1194 2749 1278 2778 nos
1311 2734 1516 2777 carmina
1538 2734 1900 2790 interpretamur
1934 2737 1980 2778 et
2011 2747 2150 2778 mem-

325 2787 424 2843 bra,
457 2787 564 2845 quia
601 2792 735 2846 (quae
766 2790 820 2848 P)
850 2793 966 2849 μέλη
996 2793 1153 2848 graeci
1184 2791 1331 2836 diuisa
1360 2793 1671 2836 membrorum
1702 2795 1884 2836 uocant.
1945 2795 2150 2848 partes
2222 2800 2225 2801 ’

327 2859 466 2903 ergo
500 2880 510 2891 .
545 2880 554 2891 .
591 2882 601 2891 .
632 2853 689 2891 et
716 2850 1011 2894 uersibus.
1044 2850 1281 2906 Aphthon.
1303 2866 1348 2908 p.
1364 2851 1448 2894 241
1471 2851 1546 2894 G.:
1581 2854 1763 2894 constat
1798 2853 1938 2909 μέλος
1966 2850 2067 2897 0010
2101 2853 2150 2900 et

329 2908 567 2949 commate.
632 2906 766 2950 colon
801 2911 872 2951 est
903 2908 1126 2963 quaedam
1156 2923 1264 2965 pars
1298 2909 1521 2952 orationis
1553 2909 1737 2965 integra
1765 2909 1936 2966 pedum
1967 2922 2149 2966 compo-

327 2962 494 3008 sitione
525 2964 944 3021 coniuncta,·cuius
975 2981 1083 3023 pars
1116 2981 1294 3011 comma
1325 2966 1509 3011 dicitur.
1574 2970 1710 3010 erunt
1729 2966 1796 3011 ita
1828 2982 1885 3011 ue
1908 2969 2009 3013 cola
2041 2981 2146 3026 par-

323 3021 493 3067 ticulae
525 3023 780 3068 solutorum
822 3028 1075 3069 metrorum
1117 3026 1373 3082 dumtaxat,
1411 3039 1516 3070 cum
1558 3025 1769 3083 integrae
1827 3027 1981 3071 uerint
2025 3041 2150 3083 syzy-

495 3142 519 3187 1
561 3143 710 3190 totum
745 3142 832 3190 hoc
867 3143 1135 3203 capitulum
1169 3145 1312 3191 nimis
1338 3143 1585 3191 turbatum
1619 3146 1746 3192 certo
1782 3145 2030 3193 emendari
2063 3159 2145 3193 ne-

325 3209 456 3270 quit3
489 3223 612 3270 quae
645 3225 775 3260 nunc
811 3225 967 3271 supra
992 3212 1232 3273 limantur,
1266 3212 1575 3261 Wachsmuth
1593 3214 1852 3261 constituit.
1891 3215 1940 3262 P
1954 3229 2024 3257 ..τ-
2041 3214 2144 3262 cod.

324 3275 587 3328 Parisinus
604 3278 739 3329 7539
756 3280 974 3339 (membr.
998 3295 1122 3330 saec.
1148 3282 1360 3340 forsitan
1388 3278 1584 3340 VIIII)
1604 3280 1858 3340 Gaisfordi
1879 3284 1903 3340 ΙΙ
1927 3284 1958 3330 2
1998 3279 2148 3348 quod]

326 3361 451 3409 quae
475 3345 524 3395 P
541 3348 566 3406 ΙΙ
591 3349 620 3396 5
660 3365 768 3397 011111
805 3366 864 3399 ex
899 3350 1017 3399 eaP
1033 3345 1057 3414 Η
1084 3352 1111 3398 6
1139 3350 1400 3398 disoluitur
1423 3348 1472 3398 P
1489 3347 1513 3415 ss
1537 3349 1686 3399 efficit
1704 3348 1753 3398 P
1770 3354 1794 3408 ΙΙ
1821 3354 1849 3398 9
1888 3350 2088 3402 cedatur
2107 3348 2156 3402 P

328 3435 357 3461 ae
393 3415 527 3476 nam]
562 3431 634 3466 ex.
659 3433 739 3480 qr.
756 3420 942 3480 poteris
980 3419 1329 3469 consideranda
1362 3435 1489 3467 nunc
1512 3413 1537 3484 ΙΙ
1561 3417 1707 3482 quae]
1729 3419 1873 3482 quiP
1891 3415 1915 3485 ΙΙ
1942 3424 1999 3469 11
2026 3436 2151 3468 00111-

324 3483 520 3549 plurum
539 3487 630 3546 ΡΗ
655 3485 1021 3544 abdissimilium
1039 3490 1089 3543 P
1106 3492 1131 3547 Η
1158 3491 1220 3540 12
1258 3488 1559 3554 temporibus
1578 3488 1627 3542 P
1643 3485 1670 3555 ΙΙ
1697 3491 1756 3542 13
1796 3489 2047 3554 trieterici,
2067 3488 2147 3540 uel

324 3552 374 3599 in
394 3551 444 3601 P
469 3569 596 3605 corr.
628 3557 808 3606 Vsener
830 3560 855 3616 ΙΙ
