2222 4056
1110 317 1207 363 126

247 456 296 507 H
318 457 496 510 littera
515 455 903 527 eussmVarronis
926 454 1247 510 sententiam
1266 455 1584 525 inprobasse
1603 477 1766 530 supra
1780 462 1856 532 (p.
1873 463 1941 517 93
1965 463 2068 532 sq.)

242 547 489 613 uidimus,
518 544 584 597 de
619 544 675 598 Κ
711 564 762 616 p.
783 543 918 596 2218
957 562 1082 596 cum
1119 562 1182 597 eo
1225 546 1504 612 consentit,
1544 546 1593 612 Q
1629 549 1866 608 litteram
1913 570 1984 608 ex
2026 551 2071 611 C

247 636 372 690 etV
393 635 725 706 conpositam
752 652 868 687 esse
900 641 1065 702 putat.
1106 651 1242 703 quae
1282 652 1479 688 uereor
1516 643 1577 688 ut
1610 638 1738 692 satis
1774 640 1928 700 firma
1964 642 2070 701 sint

246 727 438 794 quibus
465 725 567 779 alia
601 732 957 795 superstruaS‚
996 742 1120 776 nam
1155 723 1223 777 de
1258 723 1341 778 his
1379 725 1570 781 litteris
1612 745 1722 781 non
1757 746 1923 800 agere
1957 751 2067 789 non

242 815 435 886 potuit,
493 815 583 883 qui
635 813 702 866 de
748 821 898 867 recte
947 813 1218 867 scribendi
1266 814 1472 868 ratione
1512 817 1732 889 scripsit
1784 827 1840 873 et
1879 839 2066 880 omnes

242 905 355 959 fere
403 904 740 975 grammatici
794 904 935 957 hanc
994 921 1110 955 rem
1162 904 1459 973 attigerunt
1511 906 1599 972 (cf.
1655 908 1855 968 Donat.
1890 912 1922 971 I
1950 911 2000 970 2,
2037 912 2069 964 3

245 1013 298 1064 Ρ.
322 995 471 1046 1736.
495 993 641 1047 Max.
670 994 815 1051 Vict.
858 1012 910 1064 p.
930 993 1105 1046 277L.
1144 994 1419 1065 p.1945P.
1453 996 1521 1048 al.
1561 998 1628 1053 cf.
1666 998 2070 1058 adnotationem

241 1085 308 1137 ad
345 1085 410 1137 fr.
435 1084 573 1150 105).
628 1092 908 1155 praeterea
946 1083 1125 1153 Longi
1164 1084 1452 1156 disputatio
1489 1086 1557 1140 ad
1592 1088 1776 1158 plures
1815 1098 2064 1147 auctores

240 1181 464 1246 spectat,
501 1174 642 1227 inter
679 1193 811 1245 quos
848 1194 979 1232 num
1017 1175 1194 1228 Varro
1237 1175 1400 1229 fuerit
1437 1176 1659 1231 dubium
1695 1187 1748 1231 et
1785 1197 1848 1233 eo
1889 1180 2062 1240 incer-

239 1265 345 1318 tius
370 1272 466 1333 est,
504 1265 629 1336 quia
660 1272 811 1319 certa
832 1265 1139 1320 testimonia
1154 1265 1416 1319 Varronis
1451 1285 1587 1337 quae
1622 1270 1829 1340 profert
1853 1289 1881 1324 e
1913 1271 2067 1331 libris

240 1355 308 1412 de
343 1373 594 1410 sermone
635 1356 801 1410 latino
838 1356 1030 1411 hausit.
1068 1356 1264 1410 similia
1302 1357 1368 1413 de
1394 1358 1856 1415 MarioVictorino
1883 1347 2067 1419 ualent

241 1446 330 1515 qui
378 1446 436 1500 in
478 1447 653 1517 capite
706 1447 773 1499 de
822 1446 1210 1519 orthographia
1256 1449 1525 1518 permulta
1572 1450 1735 1503 habet
1787 1470 1922 1523 quae
1972 1473 2061 1526 ap·-

239 1539 414 1611 prime
452 1546 574 1610 apte
612 1539 717 1591 huc
761 1539 1040 1609 quadrant.

401 1629 463 1682 L.
514 1629 729 1682 Attium
779 1637 997 1700 poetam
1048 1628 1402 1700 probabiliter
1451 1637 1693 1686 statuunt
1747 1631 1874 1691 fere.
1921 1650 2063 1692 anno

236 1739 288 1776 u.
309 1719 574 1780 DOLXX
593 1727 875 1779 ‘mortuum
911 1736 1030 1771 esse
1076 1718 1164 1786 (cf.
1185 1718 1396 1772 Ritschl
1418 1738 1560 1773 mon.
1588 1721 1762 1792 epigr.
1785 1721 1886 1779 tria
1905 1742 1958 1795 p.
1976 1722 2064 1780 30.

241 1811 310 1867 G.
335 1810 663 1881 Bernhardy
684 1828 851 1864 roem.
881 1809 982 1862 litt.
1006 1828 1058 1880 p.
1081 1809 1206 1879 391)
1244 1809 1477 1882 ideoque
1515 1818 1639 1868 ante
1676 1811 1822 1869 hunc
1858 1831 2059 1871 annum

238 1903 542 1957 Varronem
579 1903 676 1955 hos
715 1901 881 1955 libros
919 1900 1202 1970 scripsisse
1243 1918 1468 1955 necesse
1507 1910 1606 1971 est,
1648 1902 1794 1974 quod
1831 1903 1994 1960 etiam
2030 1923 2062 1963 a

235 1994 352 2049 ueri
408 1992 759 2047 similitudine
814 2010 926 2046 non
982 1990 1252 2044 abhorret.
1342 1999 1498 2045 natus
1551 1992 1697 2048 enim
1751 2001 1866 2049 erat
1911 2012 2052 2052 anno

234 2105 287 2139 u.
317 2083 761 2150 DOXXXVIII,
818 2082 1044 2153 triginta
1090 2081 1258 2152 igitur
1305 2101 1474 2136 annos
1524 2101 1776 2153 egressus
1823 2084 1915 2139 uel
1959 2084 2062 2142 hac

235 2177 350 2229 fere
390 2182 564 2228 aetate
605 2193 738 2246 opus
777 2181 1022 2229 nostrum
1060 2174 1344 2244 conposuit
1382 2174 1475 2243 (cf.
1528 2174 1741 2231 Ritschl
1774 2195 1827 2231 n.
1867 2194 1936 2232 m.
1971 2175 2055 2233 rh.

235 2266 319 2320 VI
353 2287 405 2339 p.
423 2266 562 2331 557).

399 2357 638 2413 Transeo
680 2355 749 2410 ad
786 2356 954 2412 libros
1007 2357 1085 2410 de
1125 2357 1413 2428 origine
1447 2357 1736 2428 linguae
1773 2358 2056 2424 latinae,

235 2466 368 2518 quos
405 2455 514 2502 tres
564 2448 729 2502 fuisse
766 2447 1094 2518 Hieronymi
1129 2448 1308 2504 indice
1347 2449 1562 2506 scimus.
1618 2457 1779 2507 antea
1813 2450 1880 2507 de
1915 2451 2057 2507 libro.

234 2539 409 2612 primo
450 2546 659 2595 tantum
697 2538 867 2592 semel
902 2558 933 2590 a
973 2538 1250 2592 Prisciano
1301 2541 1332 2595 I
1363 2541 1432 2593 39
1468 2560 1520 2613 p.
1540 2541 1608 2594 30
1657 2548 2058 2596 conmemorato

234 2628 530 2694 constabat,
592 2645 752 2697 quem
784 2627 1016 2699 primum
1057 2645 1174 2680 esse
1222 2628 1289 2681 de
1324 2628 1516 2698 lingua
1565 2629 1732 2683 latina
1767 2629 2060 2687 uoluerunt

234 2719 324 2788 (cf.
343 2718 404 2772 L.
429 2718 676 2791 Spengel
696 2719 945 2772 ed.Varr.
966 2738 1019 2790 p.
1041 2719 1086 2771 7.
1105 2718 1222 2772 592.
1263 2718 1329 2774 O.
1351 2719 1586 2773 Mueller
1607 2719 1852 2773 ed.Varr.
1871 2736 1923 2789 p.
1939 2718 2058 2775 264.

234 2811 301 2864 cf.
341 2810 496 2881 paed.
552 2809 685 2879 phil.
734 2809 834 2862 litt.
879 2809 952 2863 bl.
993 2809 1043 2861 d.
1088 2810 1218 2878 allg.
1275 2809 1594 2878 schulzeitg.
1637 2809 1767 2861 1827
1802 2809 1864 2863 ΙΙ
1899 2828 1953 2881 p.
1975 2809 2052 2878 4),

234 2919 391 2972 quam
431 2899 795 2953 coniecturam
833 2917 931 2970 per
970 2917 1028 2951 se
1064 2918 1254 2970 parum
1291 2899 1629 2972 probabilem
1665 2899 1752 2968 (cf.
1797 2897 1867 2954 Gr.
1906 2900 2056 2971 Pape

232 2990 358 3044 lect.
394 2988 553 3044 Varr.
591 3008 643 3060 p.
666 2987 752 3041 41.
789 2989 986 3042 ztschr.
1023 2989 1058 3042 f.
1099 2989 1311 3042 alterth.
1355 2989 1491 3045 1834
1521 3009 1573 3061 p.
1597 2989 1700 3042 215
1721 2990 1825 3061 sq.)
1865 2989 2057 3050 Hiero·

232 3078 387 3150 nymi
425 3077 794 3132 testimonium
834 3077 1082 3149 explosit.
1144 3078 1451 3147 fragmento
1489 3096 1680 3133 uerum
1715 3099 1746 3133 a
1779 3078 2060 3140 Prisciano

234 3176 449 3222 seruato
491 3168 577 3236 (fr.
614 3170 734 3234 107)
788 3168 842 3220 in
879 3168 982 3221 hoc
1034 3185 1247 3239 quoque
1283 3186 1447 3239 opere
1484 3168 1552 3219 de
1587 3168 1890 3221 litterarum
1931 3187 2055 3238 qua-

232 3260 466 3316 rundum
505 3259 768 3334 scriptura
802 3267 855 3311 ct
887 3258 1323 3336 pronuntiatione
1362 3267 1541 3311 actum
1571 3258 1738 3311 fuisse
1779 3258 2051 3316 docemur.

230 3359 369 3413 teste
422 3350 563 3410 enim
613 3349 687 3407 M.
726 3349 983 3406 Terentio
1021 3350 1143 3418 Ion,
1201 3366 1361 3421 quem
1397 3347 1594 3403 Chium
1641 3366 1757 3403 esse
1808 3349 2054 3422 probabi-

230 3441 354 3495 liter
401 3441 699 3514 suspicatus
752 3447 833 3497 est
867 3439 930 3498 F.
969 3439 1062 3492 W.
1103 3438 1492 3498 Schneidewin
1541 3458 1593 3491 n.
1631 3457 1767 3497 mus.
1803 3439 1885 3495 rh.
1931 3438 2046 3499 VII

228 3549 284 3607 p.
311 3533 413 3585 463
466 3531 554 3602 (cf.
593 3531 656 3584 B.
708 3539 800 3584 ten
837 3530 1013 3583 Brink
1048 3530 1204 3584 Varr.
1246 3530 1395 3584 locus
1443 3529 1510 3582 de
1558 3531 1674 3583 urb.
1711 3527 1883 3583 Roma
1912 3547 1967 3600 p.
1995 3529 2047 3584 2.
