2280 4088
982 323 1046 368 95

103 475 187 528 uis
220 473 275 526 in
315 470 702 525 consuetudine
743 469 1066 541 adspiretur.
1137 468 1304 520 nihilo
1348 468 1522 522 minus
1566 475 1746 521 tamen
1797 467 1932 520 ratio

103 563 322 618 exiliter
362 563 407 618 O
446 561 839 622 enuntiandum
879 569 932 614 et
968 559 1316 613 scribendum
1356 578 1475 613 esse
1516 559 1828 631 persuadet,
1874 578 1941 612 ne

102 674 210 710 una
264 654 484 708 omnino
538 653 702 706 dictio
749 652 1011 705 aduersus
1070 651 1224 704 latini
1269 651 1535 704 sermonis
1587 658 1832 704 naturam
1883 650 1940 703 in

104 745 282 799 media
316 744 662 817 adspiretur’,
698 761 834 816 quae
872 742 1004 795 licet
1040 750 1311 814 tamquam
1351 762 1447 794 sua
1470 739 1711 795 Scaurus
1748 760 1940 814 posue-

106 837 180 892 rit
214 857 245 890 a
281 836 356 890 M.
378 836 627 890 Varrone
663 835 886 906 accepit.
939 842 1366 888 consentaneum
1406 852 1540 887 uero
1581 841 1662 886 est
1719 852 1788 887 ex
1840 834 1941 886 hac

105 929 232 1000 lege
282 945 406 980 eum
441 926 751 999 excepsisse
804 943 867 978 ea
902 925 1168 978 uocabula
1207 943 1344 994 quae
1396 923 1703 978 necessario
1749 925 1802 977 H
1845 943 1940 996 po-

106 1026 280 1087 scunt,
323 1026 384 1070 ut
433 1024 554 1071 ueho
597 1025 752 1071 traho.
824 1016 1043 1088 scripsit
1093 1024 1276 1068 autem
1325 1037 1520 1070 uomens
1564 1037 1593 1069 a
1631 1015 1687 1068 ui
1724 1016 1942 1082 mentis,

105 1131 320 1178 prensus
343 1128 375 1162 a
403 1109 744 1180 prendend0‚
783 1109 1028 1164 Graccus
1055 1129 1084 1160 a
1103 1107 1366 1178 gerend0‚
1405 1128 1542 1162 ooors
1563 1127 1594 1160 a
1614 1107 1943 1174 coercendO,

108 1212 430 1274 quamquam
470 1201 562 1254 alii
599 1207 838 1255 cohortem
875 1200 1106 1252 militum
1145 1219 1175 1251 a
1218 1185 1402 1251 mutua
1441 1199 1827 1269 cohortatione,
1868 1220 1943 1254 oo-

105 1301 236 1346 ov‘tes
271 1290 525 1345 uillarum
574 1291 719 1343 unde
759 1291 1069 1343 cooriantur
1106 1289 1356 1341 homines
1396 1289 1578 1342 dicere
1614 1290 1937 1343 maluerunt.

105 1376 162 1434 in
184 1382 396 1453 graecis
418 1400 632 1454 quoque
655 1380 891 1434 eundem
924 1380 1173 1450 spiritum
1213 1397 1468 1432 amouere
1508 1380 1728 1448 studuit,
1768 1388 1828 1432 ut
1872 1401 1946 1434 oo-

106 1479 210 1528 oka
241 1491 363 1526 eum
398 1472 691 1546 protulisse
730 1472 943 1526 scimus,
999 1471 1067 1524 ad
1088 1471 1395 1524 Varronem
1437 1490 1654 1543 quoque
1689 1479 1942 1543 spectare

106 1564 364 1618 uidentur
398 1570 646 1618 extrema
684 1565 866 1635 Longi
905 1563 1076 1616 uerba
1120 1563 1186 1616 de
1225 1564 1326 1617 hac
1365 1583 1441 1631 re,
1491 1585 1590 1618 non
1631 1570 1830 1628 firmum
1881 1573 1949 1618 est

71 1661 78 1666 “
107 1661 395 1710 catholicum
425 1664 856 1724 yram-matioorum
904 1658 996 1722 qno
1043 1663 1234 1709 censent
1270 1663 1626 1721 aspirationem
1664 1663 1949 1710 consonanti

107 1745 283 1816 (addes
307 1755 362 1802 in
395 1754 553 1802 medio
587 1753 836 1811 uocabula
878 1754 937 1799 ut
956 1746 1225 1800 Varronis
1263 1753 1504 1799 mentem
1538 1747 1814 1813 restituas)
1852 1768 1950 1801 non

104 1850 208 1892 esse
236 1840 547 1906 innyendam,
587 1859 694 1893 oum
733 1848 779 1893 et
801 1845 1045 1906 Cartliayo
1086 1845 1282 1892 dicatur
1321 1848 1363 1892 et
1385 1844 1602 1893 Pulcher
1637 1848 1682 1892 et
1699 1843 1950 1894 Gracchus

110 1937 156 1982 et
189 1934 314 1983 Otho
351 1938 396 1984 et
419 1935 659 1999 BocchnS,
698 1949 826 1983 nam
867 1937 920 1981 et
943 1929 1207 1983 Pulcrum
1234 1927 1623 1999 Graecumque
1641 1928 1947 1982 Varronem

108 2019 471 2092 praecepisse,
523 2028 577 2074 et
628 2021 841 2091 reliqua
891 2040 1015 2073 cum
1067 2021 1180 2072 eius
1219 2019 1437 2090 legibus
1480 2021 1777 2074 conuenire
1811 2020 1947 2072 uidi-

107 2128 246 2163 mus,
280 2129 405 2164 cum
445 2130 576 2164 uero
615 2112 933 2184 parcissime
982 2120 1198 2164 ueteres
1247 2112 1521 2165 Romanos
1570 2112 1764 2183 spiritu
1820 2131 1947 2164 usos

110 2217 228 2254 esse
261 2208 528 2254 testantur
565 2201 933 2268 Quintilianus
971 2201 1093 2255 inst.
1138 2210 1271 2257 orat.
1310 2203 1341 2255 I
1375 2203 1426 2271 5,
1456 2203 1525 2254 20
1564 2210 1617 2255 et
1657 2202 1950 2256 Terentius

111 2294 348 2350 Scaurus
385 2317 436 2369 p.
458 2296 596 2350 2249
632 2299 720 2365 (cf.
740 2299 1045 2352 Mommsen
1072 2300 1106 2351 l.
1134 2318 1173 2351 S.
1195 2299 1345 2370 p.33.
1402 2296 1614 2353 Ritschl
1640 2299 1674 2351 l.
1697 2318 1736 2351 s,
1762 2317 1815 2370 p.
1835 2298 1946 2363 53),

109 2385 291 2440 Varro
322 2388 407 2441 his
437 2388 655 2459 legibus
694 2389 830 2443 datis
866 2389 922 2443 in
959 2390 1272 2443 uniuersum
1308 2390 1581 2443 urbanum
1620 2390 1951 2459 sequebatur

111 2471 330 2530 dicendi
366 2497 540 2548 usum,
579 2478 676 2531 sed
715 2479 783 2532 ad
819 2487 992 2532 certas
1021 2498 1144 2533 eum
1183 2498 1446 2533 reuocare
1483 2479 1688 2534 studuit
1711 2479 1949 2549 regulas.

276 2569 424 2622 Loco
443 2570 787 2623 Varroniano
825 2572 890 2624 ab
915 2572 1229 2642 Augustino
1271 2579 1485 2625 seruato
1511 2589 1767 2624 reuersus
1789 2589 1950 2623 eram

110 2661 178 2714 ad
220 2661 358 2713 illud
398 2681 428 2713 a
469 2681 572 2734 quo
609 2663 992 2734 proficiscebar
1047 2671 1099 2716 et
1151 2682 1295 2716 nunc
1335 2662 1566 2732 singulis
1605 2662 1949 2735 perlustratis

112 2751 238 2805 satis
273 2752 622 2824 perspicuum
663 2761 716 2806 et
749 2754 1098 2807 manifestum
1137 2772 1255 2807 esse
1299 2754 1494 2826 opinor
1529 2754 1699 2808 libros
1741 2753 1807 2807 de
1837 2772 1948 2806 ser-

112 2843 276 2896 mone
307 2842 475 2896 latino
515 2844 814 2898 stoicorum
848 2846 970 2898 loco
1013 2842 1137 2910 περὶ
1177 2845 1357 2912 φωνῆς
1395 2845 1750 2917 respondere,
1805 2845 1949 2916 quod

113 2933 418 3006 cuicunque
454 2934 660 2989 Laertii
695 2936 967 3008 Diogenis
1006 2937 1281 3009 epitomen
1322 2936 1464 3008 (VII
1501 2937 1586 2989 44.
1623 2936 1691 2990 55
1722 2936 1826 3008 sq.)
1866 2936 1946 2988 in-

112 3023 363 3095 spicienti
395 3037 458 3078 ‘se
504 3026 681 3079 offert.
720 3027 955 3080 latinitas
995 3028 1252 3083 conuenit
1291 3047 1416 3080 cum
1454 3028 1814 3081 hellenismo:
1867 3019 1943 3075 ἕλ-

115 3110 366 3183 ληὴισμός
405 3109 494 3166 οὖν
533 3116 646 3167 ἐστι
683 3117 881 3185 φράσις
922 3117 1252 3179 ἀδιάπτωτος
1288 3117 1343 3168 ἐν
1382 3118 1448 3187 τῇ
1497 3118 1713 3186 τεχνικῇ
1751 3117 1843 3168 καί
1879 3119 1952 3183 μὴ

116 3203 294 3276 εἰκαίᾳ
334 3207 592 3278 συνηθείᾳ
634 3208 717 3277 (L.
738 3209 808 3263 D.
830 3210 943 3263 VII
973 3211 1040 3262 59
1082 3211 1146 3263 cf.
1171 3208 1327 3265 Sext.
1364 3209 1522 3282 Emp.
1560 3210 1681 3262 adu.
1721 3228 1949 3280 gramm.

118 3297 379 3369 176-sq.)‚
422 3316 525 3371 qua
589 3299 909 3354 definitione
956 3302 1266 3372 analogiam
1322 3303 1554 3355 maxime
1613 3309 1666 3354 et
1723 3318 1946 3354 consue-

106 3387 363 3443 ·tudinem
400 3390 598 3460 attingi
635 3392 809 3445 uides,
880 3392 937 3445 in
972 3393 1163 3445 eadem
1213 3393 1524 3446 dialecticae
1577 3399 1731 3464 parte
1769 3398 1947 3443 actum

118 3495 236 3531 esse
289 3479 356 3536 de
409 3500 543 3535 uoce
597 3482 664 3535 de
714 3483 910 3536 litteris
963 3483 1031 3536 de
1091 3485 1533 3556 pronuntiatione
1587 3483 1654 3535 de
1715 3482 1945 3535 accenti-

116 3568 216 3622 bus
271 3569 338 3622 de
389 3571 658 3642 rhythmis
712 3573 779 3625 de
835 3575 1092 3626 orationis
1146 3575 1435 3628 uirtutibus
1474 3582 1528 3626 et
1567 3573 1713 3626 uitiis
1754 3572 1952 3643 partim
