2366 4048
965 339 1029 385 87

74 485 265 536 renem
296 481 478 535 Lucili
517 481 816 535 doctrinam
857 481 926 534 de
945 481 973 534 Ι
994 490 1047 534 et
1070 480 1148 534 EI
1172 481 1507 553 inprobasse,
1543 504 1595 556 p.
1620 484 1755 537 2261
1781 503 1908 538 eun-

75 573 201 630 dem
235 578 355 627 urbs
391 580 445 625 et
490 579 670 638 Pelops
706 572 870 626 scribi
913 571 1163 639 iussisse3
1202 579 1492 644 utrumque
1529 593 1641 629 non
1677 575 1750 628 ita
1790 576 1905 645 qui-

74 664 203 719 dem
239 664 460 736 copiose
496 664 663 718 habes
701 663 845 734 apud
882 663 1103 716 Velium
1142 680 1194 733 p.
1215 662 1369 715 2220.
1407 684 1459 735 p.
1481 665 1618 718 2233
1658 667 1725 719 cf.
1748 666 1906 738 Papi-

72 755 285 809 rianum
323 754 634 810 Cassiodori
671 773 721 825 p.
744 753 898 809 2291.
937 772 1046 807 non
1085 754 1263 806 minus
1304 754 1628 825 conspicuus
1668 764 1749 810 est
1784 775 1908 811 con-

73 865 262 900 sensus
305 864 493 900 eorum
531 864 666 916 quae
710 864 779 898 ex
816 845 1045 899 Annaeo
1086 844 1336 902 Cornuto
1383 847 1658 919 excerpsit
1699 847 1907 902 Cassio·

74 937 317 1006 derius¹)
359 935 656 989 cumVelio
676 935 889 1005 LongO.
929 952 1066 1004 quae
1092 935 1385 989 eVarrone
1406 936 1614 1006 profert
1634 937 1906 991 Cornutus

71 1027 279 1101 p.2282
316 1027 384 1080 dc
420 1027 616 1080 litteris
645 1027 696 1079 V
717 1035 770 1079 et
795 1026 839 1079 F
878 1034 932 1079 et
969 1046 1020 1098 p.
1042 1026 1179 1079 2284
1217 1026 1285 1079 de
1319 1027 1351 1080 I
1383 1027 1577 1099 pingui
1614 1037 1908 1083 recurrunt

73 1119 218 1192 apud
252 1119 407 1171 illum
446 1137 499 1189 p.
519 1118 657 1171 2222
697 1126 750 1170 et
778 1138 830 1190 p.
852 1117 988 1171 2216
1017 1118 1107 1187 (cf.
1128 1137 1182 1189 p.
1202 1117 1357 1173 2228.
1397 1118 1634 1173 Scaurus
1655 1139 1707 1191 p.
1728 1119 1906 1186 2259).

71 1217 355 1281 praeterea
399 1206 673 1263 Cornutus
713 1228 765 1279 p.
793 1208 950 1262 2285.
989 1229 1040 1281 p.
1073 1209 1209 1262 2286
1251 1209 1516 1262 Varronis
1561 1210 1628 1262 de
1670 1210 1907 1282 adspira-

70 1300 220 1366 tione
278 1308 571 1372 praecepta
614 1299 899 1372 inpugnat,
952 1299 1022 1352 de
1075 1317 1179 1367 qua
1227 1318 1288 1352 re
1327 1299 1550 1353 Velium
1590 1319 1618 1352 e
1656 1302 1907 1354 Varrone

69 1391 310 1445 hausisse
365 1390 528 1445 modo
583 1390 837 1444 uidimus,
911 1399 1096 1444 contra
1133 1390 1364 1444 Cornuti
1402 1391 1653 1460 antiquos
1694 1411 1745 1463 p.
1771 1392 1907 1446 2286

69 1482 212 1546 inter
245 1481 380 1535 alios
398 1482 703 1535 Varronem
743 1500 862 1535 csse
903 1482 1197 1535 ostendunt
1214 1481 1411 1534 Velius
1432 1481 1657 1553 Longus
1699 1504 1751 1555 p.
1769 1483 1907 1536 2229

73 1580 128 1626 et
158 1573 448 1627 Terentius
492 1572 728 1629 Scaurus
770 1593 822 1645 p.
847 1574 1000 1628 2256.
1038 1573 1362 1645 grauissima
1403 1573 1587 1645 delegi
1626 1582 1686 1628 ut
1726 1575 1908 1644 singu-

70 1664 244 1719 larem
277 1663 473 1718 horum
515 1665 844 1736 scriptorum
887 1684 1208 1719 consensum
1247 1667 1635 1734 demonstrem,
1675 1667 1831 1736 plura
1852 1667 1909 1720 in

70 1754 207 1809 locis
243 1753 444 1810 diserte
464 1754 699 1809 Varroni
725 1755 1022 1827 adscriptis
1044 1755 1319 1810 adnotatio
1358 1765 1545 1810 nostra
1582 1756 1906 1829 suppeditat.

73 1863 147 1901 ex
168 1846 287 1900 hac
327 1855 463 1901 uero
487 1846 726 1918 egregia
761 1834 1121 1918 congruentia
1157 1848 1348 1902 eodem
1378 1866 1546 1921 opere
1564 1847 1906 1903 Varroniano

73 1956 260 1992 omnes
305 1956 435 1992 usos
490 1956 612 1994 esse¹
653 1956 764 1991 non
811 1938 1068 1992 audacius
1117 1939 1398 2009 conligere
1453 1938 1586 1992 mihi
1635 1939 1906 2008 uideor²)‚

71 2047 195 2083 nam
225 2029 370 2086 ,alter
407 2029 655 2097 alterum,
691 2029 955 2083 Varronis
993 2029 1214 2083 nomine
1254 2030 1321 2083 ab
1360 2029 1466 2082 alio
1503 2029 1648 2099 huic,
1698 2029 1764 2082 ab
1802 2029 1907 2082 alio

69 2119 152 2173 illi
189 2120 556 2174 obseruationi
594 2119 859 2192 adpositO,
893 2139 1002 2174 non
1040 2120 1315 2192 excripsit.
1355 2137 1533 2190 neque
1567 2119 1755 2172 dubito
1778 2121 1908 2189 quin

71 2210 362 2283 scriptores
396 2210 464 2264 de
503 2211 907 2282 orthographia,
966 2212 1057 2281 qui
1091 2212 1234 2264 bona
1268 2211 1515 2265 doctrina
1559 2210 1810 2263 instructi
1853 2218 1907 2263 et

25 2330 30 2333 -
73 2301 212 2374 aptis
248 2301 555 2359 auctoribus
595 2301 679 2354 usi
717 2319 835 2353 rem
872 2308 1167 2354 tractarunt
1208 2301 1354 2369 (nam
1391 2302 1723 2372 posteriores
1761 2301 1905 2373 prio-

72 2409 353 2450 res-mere
404 2400 794 2464 excerpserunt
850 2409 1028 2463 neque
1068 2400 1192 2446 sunt
1225 2392 1579 2465 respiciendi)
1636 2393 1906 2464 permulta

242 2621 286 2677 1)
320 2620 502 2682 Quanta
535 2621 730 2667 scientia
761 2623 808 2666 et
841 2611 1048 2666 sollertia
1081 2622 1397 2666 Cassiodorius
1430 2626 1642 2667 auctores
1677 2637 1783 2667 suos
1817 2623 1909 2667 ‘de-

0 2717 4 2721 ·
70 2696 288 2753 fibrauit’‚
337 2702 590 2746 ostendunt
638 2702 806 2746 misera
854 2706 1074 2759 excerpta
1120 2718 1177 2746 ex
1207 2700 1339 2746 Velio
1371 2703 1534 2760 Longo
1564 2719 1608 2760 p.
1626 2702 1755 2748 2287.
1816 2718 1910 2747 non

71 2780 235 2824 melius
266 2795 365 2826 rem
395 2781 445 2825 in
475 2782 678 2826 Cornuto
710 2782 961 2838 praestitit.
995 2797 1129 2838 quem
1163 2782 1346 2826 Curtius
1376 2782 1648 2826 Valerianus
1681 2783 1908 2840 excripse-

71 2865 161 2918 rat,
188 2861 255 2907 ,id
275 2862 408 2919 quod
449 2865 657 2907 extrema
697 2863 841 2906 uerba
875 2863 1068 2907 Cornuti
1101 2863 1286 2907 conlata
1314 2878 1418 2906 cum
1449 2863 1698 2907 Valeriano
1729 2879 1773 2919 p.
1792 2863 1909 2907 2289

71 2941 255 3003 docent.
279 2943 492 2999 ,Cornuto
526 2943 672 3002 igitur
705 2943 890 3003 Curtius
927 2944 1067 2988 debet
1103 2958 1219 3000 quae
1253 2943 1310 2987 de
1344 2943 1516 2987 litteris
1546 2943 1702 2991 ΖΞΨ
1727 2958 1772 3000 p.
1791 2943 1909 2986 2289

71 3021 303 3085 legpntur,
345 3037 462 3080 quae
494 3023 648 3069 omnia
683 3023 1000 3069 Cassiodorius
1031 3024 1080 3067 in
1109 3022 1311 3068 Cornuto
1346 3023 1614 3067 deflorando
1647 3023 1801 3067 omisit
1835 3038 1910 3067 ex-

73 3101 224 3163 ceptis
247 3102 409 3160 paucis
442 3102 498 3148 de
532 3110 576 3152 Z
604 3104 762 3148 littera
794 3107 840 3148 et
875 3103 1031 3160 lepido
1078 3103 1410 3158 additamento,
1456 3103 1581 3159 quod
1621 3103 1692 3147 bis
1737 3117 1909 3160 ponere

72 3182 116 3226 ei
145 3197 239 3228 non
266 3183 457 3240 longum
488 3187 602 3228 erat.

243 3263 291 3320 2)
321 3263 490 3309 Eidem
519 3264 663 3322 igitur
694 3265 824 3322 operi
856 3267 1043 3321 praeter
1072 3246 1226 3308 locum
1258 3265 1314 3308 de
1362 3266 1504 3308 deliro
1550 3263 1722 3319 (Velius
1760 3263 1906 3319 Long.

72 3357 118 3402 p.
138 3342 293 3400 2233),
325 3358 461 3403 quem
493 3360 631 3402 supra
667 3345 869 3402 excripsi
908 3344 1086 3400 reliqua
1118 3359 1300 3404 quoque
1333 3344 1488 3387 tribuo
1522 3358 1636 3399 quae
1670 3343 1793 3399 apud
1823 3343 1906 3386 hos

76 3420 326 3481 scriptores
342 3423 566 3468 Varronis
598 3425 783 3469 nomine
803 3425 1144 3469 inscribuntur:
1163 3425 1320 3468 Velius
1337 3423 1482 3478 Long.
1504 3438 1547 3479 p.
1568 3421 1698 3477 2236,
1723 3436 1768 3478 p.
1791 3421 1909 3465 2238

76 3502 373 3560 =Papiriam
400 3504 662 3562 Cassiodori
689 3521 734 3562 p.
753 3505 885 3558 2291,
919 3503 1147 3548 Cornutus
1180 3520 1224 3561 p.
1242 3503 1373 3565 2284,
1410 3516 1525 3557 quae
1558 3501 1906 3545 obseruationes

77 3585 200 3640 apud
232 3587 413 3629 ceteros
447 3600 541 3628 non
571 3588 858 3643 repetuntur.
