2222 4056
1111 337 1207 384 152

259 485 489 538 bitamus
537 483 837 554 principale
888 500 1061 553 genus
1115 481 1400 534 redeamus
1453 481 1522 533 ad
1559 482 1984 554 diminutionem,
2023 491 2076 548 et

259 594 330 628 ex
367 573 1098 643 diminutiuocognoscimus
1133 572 1433 644 principale
1465 582 1656 642 genus.
1770 580 1772 582 ’

175 738 228 785 11
358 723 360 726 ’
429 723 886 797 Hypocolrismata
925 743 1139 795 semper
1177 723 1470 793 generibus
1503 716 1617 776 'suis
1657 713 2080 779 unde‘oriuntur

262 823 577 883 consonant,
628 834 796 886 pauca
839 815 1116 867 dissonant
1152 814 1301 866 velut
1347 815 1482 866 haec
1523 834 1650 866 rana
1690 815 1777 867 hic
1813 834 2078 869 ranuncu—

258 911 358 975 lus,
400 908 488 959 hic
524 906 722 976 unguis
758 906 891 958 haec
927 893 1148 974 ungula,
1181 905 1284 957 hoc
1322 904 1605 974 glandium
1649 905 1782 958 haec
1801 905 2075 975 glandula,
2106 923 2134 966 5

259 997 542 1070 hispanis,
576 996 663 1048 hic
696 995 945 1066 pastillus
997 1003 1050 1047 et
1098 996 1223 1057 hoc.
1243 995 1539 1066 pastillum,
1574 995 1894 1061 'navarros
1910 996 2077 1050 dixit:

259 1090 395 1141 haec
435 1088 557 1139 beta
594 1085 681 1137 hic
729 1086 999 1151 betaceus,
1054 1086 1189 1137 haec
1232 1086 1409 1137 malua
1459 1085 1548 1137 hic
1600 1086 1923 1155 maluaceUS,
1977 1086 2080 1139 hoc

259 1177 547 1250 pistrinum
586 1175 720 1227 haec
757 1175 1003 1246 pistrina,
1043 1182 1104 1227 ut
1137 1175 1426 1228 Terentius
1448 1175 1518 1227 'in
1548 1163 1968 1246 Adelphisjhie
1992 1194 2080 1228 en-

261 1268 333 1321 sis
371 1267 504 1319 haec
538 1265 776 1318 ensicula
810 1272 861 1317 et
898 1265 986 1317 hic
1018 1265 1308 1334 ensiculus,
1347 1266 1422 1318 sic
1456 1265 1512 1317 in
1548 1266 1796 1320 Rudente
1833 1253 2077 1320 Plautus:

263 1437 336 1482 sit.
366 1437 479 1480 item
511 1434 551 1478 si
581 1434 706 1478 dicas
727 1434 954 1488 columna,
988 1433 1115 1477 cuius
1152 1432 1333 1489 generis
1358 1433 1460 1476 est?
1492 1431 1606 1477 facis
1629 1433 1737 1477 inde
1758 1420 2084 1478 diminutiuum

265 1497 315 1540 id
350 1499 420 1539 est
457 1495 697 1539 columella
728 1497 774 1536 et
805 1493 1051 1549 intellegis,
1096 1493 1311 1547 quoniam
1353 1492 1608 1548 principale
1650 1492 1858 1535 feminini
1901 1493 2084 1548 generis

263 1559 347 1599 est.
382 1559 439 1611 cf.
459 1554 590 1597 Char.
608 1569 652 1609 p.
672 1553 771 1607 155,
792 1552 861 1595 13.
893 1552 1043 1595 Diom.
1066 1566 1109 1608 p.
1129 1551 1228 1607 326,
1248 1552 1287 1594 9.
1318 1551 1556 1607 Excerpta
1572 1565 1762 1609 gramm.
1778 1551 1944 1608 pvb-35,
1962 1551 2017 1595 19
2027 1551 2083 1595 K.

264 1615 407 1659 Prisc.
438 1612 578 1656 11127
608 1628 652 1668 p.
674 1612 773 1664 102,
800 1611 839 1654 1.
1881 1610 1884 1614 ’

430 1693 500 1736 11.
536 1692 668 1736 Char.
699 1707 743 1748 p.
768 1691 933 1746 37,13:
963 1691 1456 1747 Hypocorismata
1491 1726 1500 1734 .
1537 1724 1546 1733 .
1585 1724 1594 1733 .
1629 1688 2082 1733 Plautus..Char.⁴

263 1769 308 1810 p.
332 1752 431 1806 155,
450 1752 529 1795 13:
561 1751 675 1794 illud
705 1765 814 1795 uero
846 1751 1188 1793 meminerimus
1219 1751 1343 1806 quod
1373 1764 1552 1806 semper
1583 1748 1920 1793 deminutiones
1951 1762 2086 1804 gene-

263 1813 394 1856 ribus
427 1811 519 1854 suis
551 1811 674 1854 unde
710 1810 922 1853 oriuntur
956 1813 1228 1864 consonant,
1262 1824 1408 1865 pauca
1438 1810 1689 1862 dissonant,
1713 1811 1767 1851 ut
1783 1821 1902 1862 ,rana
1920 1821 2086 1853 ranun-

265 1872 407 1924 culus,
444 1870 610 1925 unguis
642 1869 832 1925 ungula,
864 1869 1102 1924 glandium
1138 1869 1371 1924 glandula,
1403 1869 1512 1912 beta
1541 1870 1774 1919 betaceuS,
1813 1866 1966 1910 malua
1994 1880 2086 1910 ma-

263 1932 464 1984 luaceus,
496 1929 744 1984 pistrinum
775 1927 990 1983 pistrilla,
1021 1931 1072 1971 ut
1107 1928 1348 1971 Terentius
1380 1927 1430 1971 in
1460 1927 1697 1984 Adelphis,
1730 1925 1852 1969 ensis
1884 1925 2086 1970 ensiculo.

265 1993 312 2033 et
346 1989 599 2032 ensiculus:
636 1988 825 2030 Plautus
857 1987 906 2029 in
936 1986 1160 2031 Rudente.
1192 1986 1306 2030 Exc.
1343 2001 1533 2043 gramm.
1560 1987 1581 2029 I
1602 2002 1646 2042 p.
1664 1984 1766 2037 535,
1782 1984 1839 2027 21
1861 1984 1940 2028 K:
1969 1984 2086 2029 illud

263 2062 375 2092 uero
406 2046 670 2090 memineris
701 2046 823 2101 quod
847 2060 1026 2101 semper
1046 2046 1383 2089 deminutiones
1413 2046 1658 2102 generibus
1678 2043 1770 2087 suis
1791 2043 1914 2087 unde
1933 2044 2086 2087 oriun-

264 2111 342 2151 tut·
374 2109 645 2159 consonant,
676 2119 823 2161 pauca
856 2105 1108 2158 dissonant,
1139 2107 1192 2147 ut
1222 2119 1335 2147 rana
1364 2105 1657 2158 ranunculus,
1692 2102 1930 2159 glandium
1959 2103 2086 2158 glan-

268 2167 434 2218 dicula,
464 2168 573 2209 beta
593 2166 823 2214 betaceuS,
856 2164 1007 2206 malua
1029 2164 1302 2216 maluaceus,
1332 2164 1581 2220 pistrinum
1604 2161 1815 2220 pistrilla,
1846 2165 1900 2204 ut
1916 2161 2087 2205 Teren-

263 2227 356 2270 tius
401 2226 450 2269 in
497 2224 733 2280 Adelphis,
783 2223 906 2266 ensis
945 2224 1147 2267 ensicula
1179 2226 1225 2266 et·
1257 2223 1508 2266 ensiculus:
1557 2223 1746 2266 Plautus
1779 2221 1828 2264 in
1857 2220 2083 2265 Rudente.

264 2301 308 2342 p.
326 2285 428 2338 551,
448 2285 528 2328 36:
577 2298 756 2339 semper
787 2281 1135 2341 ὑποκορίσματα
1175 2282 1419 2339 generibus
1463 2282 1555 2325 suis
1586 2281 1707 2325 unde
1739 2279 1952 2323 oriuntur
1977 2294 2087 2323 con-

266 2348 446 2398 sonant,
479 2357 626 2400 pauca
656 2343 911 2390 dissonant,
943 2346 995 2385 ut
1016 2343 1129 2386 haec
1146 2355 1257 2385 rana
1274 2342 1564 2396 ranunculus,
1595 2340 1761 2397 unguis
1778 2339 1962 2395 ungula,
1981 2340 2091 2383 beta

266 2406 500 2458 betaceus,
536 2403 689 2445 malussa
723 2403 996 2455 maluaceus,
1029 2401 1277 2457 pistrinum
1306 2400 1518 2457 pistrilla,
1550 2400 1669 2443 ensis
1702 2398 1926 2443 0110101113..Ἴ
1954 2398 2085 2442 Char.

267 2479 309 2520 p.
332 2463 403 2516 94,
430 2462 480 2505 2:
514 2461 839 2505 deminutionis
871 2461 1173 2515 inaequalitas
1209 2460 1324 2503 dura
1364 2462 1447 2514 est,
1496 2462 1549 2503 ut
1593 2458 1773 2502 iuuenis
1794 2457 2090 2512 -iuuenculus,

270 2522 397 2567 canis
421 2522 613 2576 catulus,
644 2521 795 2576 puluis
825 2519 1123 2576 puluisculus,
1149 2519 1309 2563 uinum
1331 2518 1552 2573 uinulum,
1581 2518 1702 2566 talus
1722 2516 1926 2573 taxillus,
1958 2515 2091 2572 panis

269 2581 496 2638 pastillus,
532 2581 667 2623 homo
699 2579 1003 2623 homunculus
1037 2583 1084 2622 et
1116 2578 1375 2632 homuncio,
1410 2577 1550 2634 piscis
1581 2576 1831 2634 pisciculus
1850 2575 2090 2632 ,0111113011-

269 2642 354 2683 lus.
394 2640 540 2683 Diom.
567 2655 611 2696 p.
630 2638 731 2693 326,
750 2639 799 2683 9:
833 2637 956 2694 apud
983 2653 1066 2682 nos
1101 2637 1417 2681 diminutionis
1441 2636 1530 2680 1100
1550 2650 1694 2693 genus
1724 2637 1938 2687 seruatur
1970 2628 2094 2690 quod

272 2703 342 2742 est
372 2700 547 2756 primae
580 2698 841 2755 positionis,
888 2697 938 2739 id
985 2701 1056 2740 est
1095 2697 1244 2753 prima
1287 2696 1530 2739 diminutio
1568 2729 1577 2739 .
1611 2729 1620 2738 .
1651 2729 1660 2739 .
1696 2697 1802 2738 sunt
1822 2693 1946 2752 'item
1979 2707 2094 2750 quae

271 2773 365 2802 non
396 2761 584 2801 seruant
615 2772 799 2813 genera,
833 2771 948 2812 quae
982 2756 1318 2800 exnominibus
1346 2754 1521 2811 primae
1536 2753 1781 2812 positionis
1803 2753 2093 2808 acceperunt,

271 2820 325 2861 ut
357 2821 538 2862 scutum
576 2817 756 2860 scutula
789 2815 992 2869 scutella,
1025 2815 1273 2872 pistrinum
1304 2813 1517 2870 pistrilla,
1559 2811 1685 2856 canis
1718 2811 1940 2864 canicula,
1976 2824 2095 2853 frana

271 2877 566 2930 ranunculus,
599 2876 761 2932 unguis
789 2874 964 2931 ungula
992 2875 1176 2931 ungella
1209 2873 1449 2930 ungellula.
1511 2872 1654 2915 Prisc.
1674 2869 1814 2915 11144
1842 2869 2015 2927 11.,115,
2045 2869 2095 2913 6:

442 3040 470 3084 2
512 3037 803 3084 diminutiuo
829 3037 930 3086 cod.
953 3037 1357 3099 Sanqermanens.
1380 3029 1506 3083 1179
1541 3048 1664 3083 saec.
1697 3033 1878 3082 VIIII
1887 3032 2043 3089 uebX
2069 3028 2096 3092 11

275 3124 616 3170 cognoscemus
652 3107 904 3169 Sanqerrm.
927 3109 1054 3155 1179
1093 3101 1116 3169 ΙΙ
1165 3107 1191 3152 3
1232 3105 1603 3167 Ypocorismata
1642 3118 1832 3165 semper
1867 3101 2094 3167 generib:

1231 3179 1250 3200 a
1604 3169 1752 3206 anguilla

275 3221 374 3268 suis
411 3219 513 3266 und
551 3254 563 3265 .
600 3254 610 3265 .
652 3255 661 3265 .
700 3219 780 3265 hic
813 3217 1067 3265 ranuncul:
1107 3216 1186 3263 hic
1223 3217 1366 3277 ungis
1409 3214 1528 3261 haec
1574 3214 1773 3276 ungula.
1813 3212 1848 3260 h
1885 3249 1896 3260 .
1918 3219 1920 3225 '
1943 3249 1953 3260 .
1994 3249 2005 3259 .
2047 3212 2095 3259 h.

274 3289 527 3354 pastillum
566 3293 624 3336 ut
658 3288 806 3335 uarro
847 3289 971 3354 dixit
1006 3288 1125 3335 haec
1158 3286 1273 3332 beta
1309 3286 1388 3332 hic
1425 3286 1595 3332 betace
1631 3320 1641 3331 .
1666 3320 1676 3330 .
1701 3320 1712 3329 .
1749 3285 1797 3331 h.
1833 3283 2095 3347 pistrinum

275 3359 395 3406 haec
428 3359 644 3421 pistrilla
677 3361 735 3405 ut
770 3353 1005 3405 terentius
1040 3360 1091 3404 in
1125 3356 1187 3403 ad
1227 3392 1237 3402 .
1265 3392 1275 3402 .
1307 3393 1316 3402 .
1347 3356 1414 3401 sic
1451 3355 1502 3400 in
1538 3354 1744 3401 rudente
1778 3354 2004 3417 plautus:
2039 3348 2103 3400 ‘N

275 3431 481 3490 reliqua,
520 3444 642 3490 quae
675 3430 744 3477 ibi
776 3431 875 3477 iam
902 3429 995 3489 leqz'
1025 3443 1123 3475 non
1150 3428 1371 3485 possunt,
1411 3439 1434 3472 e
1459 3425 1681 3484 Charisia
1718 3438 1816 3472 exc.
1854 3436 2094 3485 yramma-

279 3503 386 3550 vicis
427 3501 631 3549 editione
657 3499 892 3558 principe
920 3493 1440 3546 Diomede-Prisciano
1471 3487 1748 3556 suppletam
1772 3495 1802 3540 8
1840 3492 2096 3540 Terentius

282 3568 379 3618 Ad.
418 3571 624 3626 11112,
645 3569 810 3625 44119
849 3566 928 3615 1110
965 3583 1054 3616 om.
1094 3567 1209 3615 libri
1231 3560 1255 3629 Η
1279 3564 1483 3613 Plautus
1519 3564 1650 3611 Rud.
1684 3554 2074 3624 11114,112ss
