2222 4056
1126 342 1224 389 110

274 509 326 562 p.
350 489 453 543 402
497 489 741 542 codicem
780 489 1159 542 Florentinum
1200 489 1267 541 de
1304 489 1492 560 lingua
1532 489 1770 544 latinaV
1798 489 1897 541 104
1917 509 1968 562 p.
1994 487 2094 549 106

275 585 372 634 lact
404 579 668 650 praebere
706 586 950 648 testatur,
990 578 1473 649 obtemperandum
1513 596 1628 631 csse
1674 577 1809 632 duco
1834 577 2103 637 Diomedi·

271 687 325 739 p.
346 669 467 738 303,
487 670 515 721 7
552 669 643 738 qui
675 675 750 723 lac
789 668 1175 722 exterminasse
1197 668 1503 720 Varronem
1534 668 1716 737 tradit,
1756 675 1809 720 et
1826 667 2087 738 Pompeio

273 760 520 814 XV1112
555 780 606 831 p.
626 760 746 827 233,
785 759 874 828 qui
919 759 986 811 de
1027 767 1176 812 certo
1219 759 1453 828 quodam
1492 758 1762 812 Varronis
1800 765 2092 828 praecepto

271 850 328 903 in
365 850 465 902 hac
502 867 562 902 re
596 849 850 918 loquitur.
899 850 1059 902 aliter
1092 849 1398 901 Varronem
1455 848 1704 901 statuisse
1750 856 1929 905 narrat
1969 846 2092 909 Cle-

273 939 462 992 donius
509 957 560 1009 p.
589 939 725 991 1904
746 939 836 992 R:
889 939 1013 991 ‘lact
1053 938 1218 1006 (lacte
1257 944 1358 991 cod.
1399 944 1554 992 Rern.
1595 946 1715 992 380.
1749 938 1973 1005 Putsch.)
2019 937 2094 990 ait

272 1030 446 1083 Varro
484 1048 595 1082 non
637 1028 761 1096 dici,
814 1047 1105 1098 numquam
1154 1029 1298 1081 enim
1349 1046 1545 1081 nomen
1584 1047 1653 1082 ex
1686 1027 1890 1083 duabus
1927 1027 2090 1086 mutis
2142 1065 2150 1071 ·

271 1120 588 1174 terminatur
621 1128 712 1172 aut
752 1120 944 1173 currit:
985 1120 1088 1172 hoc
1120 1119 1295 1172 lacte'.
1336 1119 1432 1172 sed
1467 1126 1651 1190 aperte
1690 1104 1937 1177 confudit
1955 1119 2093 1181 Var-

269 1228 459 1264 ronem
500 1229 623 1263 cum
663 1209 896 1264 Caesare
952 1210 1041 1279 qui
1087 1218 1225 1263 teste
1277 1210 1535 1281 Pompeio
1591 1210 1683 1280 (cf.
1722 1226 1884 1280 supra
1919 1206 2089 1280 p-bb)

271 1302 480 1356 nullum
514 1301 839 1355 uocabulum
880 1301 1086 1354 duabus
1125 1301 1540 1354 consonantibus
1581 1299 1863 1354 terminari
1900 1298 2092 1367 uoluit,

270 1402 330 1446 ut
368 1392 663 1448 Cledonius
697 1400 787 1445 aut
822 1393 1143 1462 Pompeium
1194 1400 1284 1445 aut
1335 1392 1452 1461 eius
1493 1400 1777 1445 auctorem·
1815 1391 1963 1449 male.
1996 1407 2090 1451 ex*

271 1483 521 1554 cripsisse
560 1483 823 1537 uideatur.
866 1483 1080 1537 omnino
1133 1483 1276 1535 enim
1313 1482 1514 1536 Donati
1552 1483 1878 1554 interpretes
1907 1480 2093 1540 instet

270 1576 431 1628 rebus
471 1583 797 1644 congruunt,
835 1575 978 1644 quod
1030 1575 1228 1645 exigua
1278 1593 1347 1627 ex
1403 1581 1556 1645 parte
1610 1573 1772 1628 docet
1818 1569 2090 1643 adnotatio

269 1672 452 1719 nostra
485 1665 553 1717 ad
586 1665 891 1736 fragmenta
929 1665 1012 1719 99.
1051 1666 1166 1733 100,
1214 1673 1273 1717 ut
1318 1683 1502 1717 omncs
1541 1681 1610 1716 ex
1644 1681 1754 1716 uno*
1782 1661 2091 1730 eodemque

270 1755 511 1808 doctiore
549 1755 914 1808 conmentario
954 1755 1196 1808 hausisse
1244 1755 1517 1825 aliumque
1557 1754 1711 1824 plura
1757 1751 1922 1811 alium
1948 1767 2089 1831 ‚paq-

269 1846 416 1898 ciora
451 1845 580 1899 inde
623 1847 914 1916 sumpsisse
956 1846 1277 1899 existimem.
1315 1845 1372 1898 in
1407 1863 1470 1897 eo
1509 1851 1688 1897 autem
1725 1839 2089 1899 conmentario

272 1936 664 1991 conscribendo
718 1937 985 1990 Varronis
1042 1935 1446 2007 grammaticam
1500 1934 1801 1988 adhibitam
1847 1946 1992 1994 esse⁴
2021 1949 2091 1984 ex

268 2027 588 2098 fragmentis
619 2027 780 2080 modo
816 2027 1008 2081 adlatis
1043 2026 1432 2096 conligendum
1450 2025 1689 2098 >ideoque
1718 2023 1856 2078 hanc
1875 2039 2089 2092 quoque

269 2118 706 2173 obseruationem
745 2118 811 2171 de
849 2118 1021 2172 forma
1061 2125 1158 2172 lact
1195 2118 1386 2171 eodem
1432 2117 1634 2184 refer0,
1662 2115 1806 2184 quod
1840 2112 2090 2170 Marfiaui

270 2209 387 2279 (ΙΙΙ
419 2210 519 2263 256
552 2229 603 2281 p.
627 2210 694 2263 57
729 2208 852 2276 Gr.)
907 2227 1175 2262 consensu
1227 2208 1591 2261 confirmatur.
1665 2212 1953 2278 praeterea
1982 2202 2091 2265 huc
2180 2248 2184 2251 .

267 2308 514 2370 spectare
552 2301 695 2370 quod
734 2300 1010 2356 Charisius
1050 2300 1124 2372 (p.
1164 2300 1279 2366 131,
1314 2300 1401 2368 10)
1443 2298 1510 2351 de
1549 2297 1760 2368 graecis
1798 2292 2086 2357 ,uocabulis

268 2410 321 2442 —a
365 2391 670 2445 terminatis
722 2391 884 2444 tradit
936 2391 1023 2461 (fr.
1065 2391 1156 2459 98)
1211 2409 1374 2461 supra
1424 2390 1498 2461 (p.
1536 2388 1627 2456 34)
1678 2387 1786 2441 iam
1833 2383 2086 2451 indicaui,

267 2500 389 2535 cum
425 2482 483 2535 in
519 2482 659 2536 libro
699 2482 766 2536 de
805 2483 1155 2553 grammatica
1191 2482 1378 2536 breuia
1412 2482 1480 2534 de
1513 2479 1665 2534 iustis
1702 2477 2085 2559 uocabulorum

265 2571 452 2624 formis
493 2581 784 2644 praecepta
825 2572 939 2625 dari
975 2580 1267 2644 oporteret,
1309 2572 1467 2643 quale
1503 2572 1607 2624 hoc
1642 2570 1814 2629 fuisse
1853 2567 2084 2644 uidem,

429 2662 759 2717 Pronomina
782 2664 1164 2733 prouocabulis
1183 2663 1361 2716 Varro
1395 2680 1506 2719 non
1537 2660 1853 2733 opposuisse
1880 2661 2085 2728 (quamv

267 2771 425 2824 quam
459 2753 517 2804 in
557 2752 689 2824 ipsis
726 2771 908 2807 rerum
946 2754 1249 2807 nominibus
1292 2754 1681 2826 posterioribus
1718 2750 2084 2824 grammaticis

265 2860 376 2894 non
402 2842 570 2903 ¹ualde
609 2842 996 2913 confido),·sed
1037 2844 1167 2897 duas
1203 2845 1297 2897 has
1328 2845 1527 2897 classes
1562 2839 2084 2915 pronominanomi÷

264 2948 420 2987 nasse
454 2932 687 2991 uidetur.
730 2934 912 2988 diuisit
952 2953 1013 2987 ea
1046 2935 1104 2987 in
1129 2934 1454 3007 primigenia
1480 2943 1533 2988 et
1558 2934 1847 2998 deductiua
1867 2933 1954 3000 (fr.
1974 2931 2086 3002 99),

264 3032 322 3076 ut
363 3031 471 3091 quis
510 3032 562 3076 et
599 3032 854 3091 quisq-uam
890 3033 1147 3091 quispiam.
1224 3025 1549 3097 primigenia
1598 3035 1776 3079 autem
1821 3031 1974 3078 erant
2008 3021 2085 3093 uiss

265 3114 402 3186 giuti
424 3134 607 3185 unum,
647 3133 876 3186 quorum
915 3123 1167 3187 quattuor
1201 3116 1433 3184 classes}
1451 3134 1580 3184 quas
1609 3122 1792 3168 contra
1810 3115 2086 3169 Donatum

266 3204 394 3258 duas
446 3213 653 3258 tantum
706 3206 1136 3277 proferenteml)
1187 3205 1478 3279 Pompeius
1518 3205 1746 3277 Sergius
1789 3194 2084 3280 Cledonius

271 3342 395 3354 4———0—

429 3411 472 3466 1)
509 3411 676 3470 Donat.
691 3410 734 3453 11
755 3408 826 3464 11,
852 3409 879 3452 2
901 3423 946 3465 p.
967 3407 1095 3453 1752.
1127 3408 1184 3452 cf.
1204 3408 1390 3465 Sergius
1420 3423 1464 3466 p.
1488 3407 1603 3453 1847
1620 3409 1694 3452 P.:
1726 3407 1915 3452 Probus·
1931 3410 2086 3452 autem

262 3505 517 3556 pronomen
547 3492 597 3535 iu
626 3494 827 3547 quatuor
858 3492 1016 3547 partes
1047 3489 1190 3533 diuidi
1221 3489 1420 3546 putauit,
1462 3488 1512 3533 id
1546 3492 1617 3533 est
1651 3498 1907 3546 pronomen
1937 3486 2086 3534 infmi-

262 3577 375 3628 tum,
416 3571 614 3626 finitum,
657 3571 809 3615 minus
842 3585 977 3628 quam
1008 3568 1192 3614 finitum
1229 3573 1277 3626 ct
1299 3569 1627 3628 possessiuum.
1672 3569 1796 3626 quod
1839 3567 2086 3615 11011111ἰᾶθῖ-
