2236 4030
1226 345 1291 390 20
1870 336 1901 354 “

343 491 543 544 iunctis
583 511 706 556 quae
754 497 1021 556 simplicem
1063 513 1160 545 non
1210 499 1386 545 habent
1436 497 1833 578 siqnift'cationem
1874 492 1964 560 (cf.
1997 481 2172 547 Mai-t.⁴

348 581 479 652 Cap.
503 581 620 633 IIII
643 580 743 634 388
764 601 815 652 p.
841 581 980 650 118),
1022 601 1146 634 nam
1179 601 1281 652 ego
1324 589 1376 633 et
1412 589 1468 634 tu
1511 580 1832 653 pronomina
1868 571 2029 635 tacite
2051 571 2173 636 sub-

351 671 488 722 iecta
516 678 655 738 sunt,
696 670 841 740 quod
871 690 1192 740 quamquam
1226 671 1293 723 de
1326 671 1507 723 stoicis
1534 691 1643 724 non
1672 671 1873 724 diserte
1910 671 2171 725 memora

345 767 430 812 tur
453 761 493 829 ¹)
542 779 611 813 ex
649 779 835 814 eorum
875 761 1084 833 placitis
1121 762 1428 814 necessario
1472 770 1666 830 manat,
1724 770 1783 814 ut
1822 762 1877 814 in
1892 757 2014 840 lia'c
2045 763 2171 850 quo-

347 868 450 919 que
491 868 548 902 re
587 850 710 903 illos
748 850 927 903 Vario
966 859 1181 903 secutus
1219 851 1303 903 sit.

509 940 796 1006 Quomodo
831 959 964 993 uero
1003 941 1236 1012 amplam
1274 942 1549 993 materiam
1583 942 1640 995 in
1679 939 1966 994 duodecim
2003 933 2169 994 libros

345 1030 699 1100 distribuerit,
738 1031 912 1084 conici
951 1031 1046 1084 uix
1078 1039 1272 1104 potest.
1313 1031 1572 1104 suspicari
1595 1032 1726 1084 licet
1753 1033 1935 1103 priore
1958 1031 2171 1085 hexade

345 1140 469 1174 eum
523 1121 589 1174 de
639 1123 850 1177 casibus
902 1124 1134 1194 obliquis
1193 1131 1245 1176 et
1300 1124 1592 1175 uerborum
1646 1122 1851 1192 formis,
1909 1130 2171 1193 quatenus

344 1212 480 1265 haec
523 1213 786 1268 cumillis
827 1215 1114 1267 coniuncta
1149 1215 1272 1281 sint,
1309 1214 1476 1265 altera
1516 1214 1583 1266 de
1625 1212 1924 1284 proloquiis
1972 1210 2172 1284 simpli-

325 1303 498 1358 .cibus
539 1311 592 1355 et
630 1302 920 1374 conpositis
965 1303 1285 1374 disputasse,
1338 1303 1482 1373 quod
1533 1302 1785 1356 conuenit
1821 1296 1944 1355 cum
1982 1300 2171 1354 s'toico-

346 1413 466 1446 rum
505 1392 771 1447 diuisione
810 1394 864 1444 in
902 1389 1055 1442 λεκτὰ
1096 1392 1284 1458 ἐλλιπῆ
1321 1402 1375 1445 et
1414 1389 1678 1458 αὐτοτελῆ.
1730 1408 1908 1464 neque
1956 1410 1984 1443 e
2016 1389 2173 1445 'Gelli

345 1484 471 1536 libri
494 1483 632 1535 XVI
658 1483 830 1553 capite
856 1491 1048 1536 octauo
1076 1483 1322 1552 sequitur
1341 1481 1429 1551 (fr.
1446 1483 1558 1552 36),
1595 1483 1652 1535 in
1678 1473 1786 1534 fine
1809 1482 2026 1534 demum
2046 1479 2168 1533 libri

346 1573 576 1627 XXIIII
615 1573 898 1644 proloquia
935 1580 1162 1626 tractata
1199 1592 1334 1640 esse,
1376 1573 1521 1644 quod
1549 1573 2037 1644 quomodocunque
2056 1583 2175 1623 rem

345 1663 674 1734 disposuerit
711 1664 827 1716 fieri
860 1664 1100 1734 potuisse
1143 1682 1305 1733 nego.
1351 1682 1517 1731 quare
1557 1661 1703 1732 quod
1738 1661 1955 1716 Gellius
1979 1658 2175 1729 ‘'adicit,

343 1754 650 1807 Varronem
694 1752 964 1820 ἀξιώματα
1006 1756 1136 1808 alias
1174 1757 1386 1825 profata
1423 1755 1551 1807 alias
1599 1752 1884 1826 proloquia
1922 1748 2170 1818 uertisse,

347 1845 404 1897 id
453 1863 562 1897 non
613 1864 736 1897 cum
782 1845 1080 1899 Ritschelio
1124 1846 1182 1913 (l.
1223 1846 1256 1897 l.
1302 1866 1351 1917 p.
1376 1846 1429 1909 5)
1478 1845 1547 1897 ad
1587 1844 1927 1897 dialecticam
1968 1843 2063 1897 sed
2105 1843 2173 1896 ad

345 1936 491 2005 ipsos
533 1937 701 1989 libros
741 1937 807 1989 de
846 1937 1034 2007 lingua
1071 1937 1236 1988 latina
1271 1936 1621 1988 referendum
1663 1935 1816 2004 duco)
1861 1943 1921 1988 ut
1946 1930 2170 2005 'hi‘suo-

344 2027 492 2080 cibus
529 2029 852 2099 promiscue,
892 2038 952 2081 ut
990 2029 1046 2081 in
1083 2028 1201 2080 aliis
1242 2027 1489 2080 terminis
1530 2027 1678 2094 fecit,
1717 2044 1845 2079 usus
1886 2022 1986 2080 sit.7
2024 2027 2170 2097 pro-

346 2119 560 2170 fatum
612 2119 774 2187 enim,
832 2125 1086 2189 quantum
1140 2117 1322 2186 sciam,
1380 2116 1522 2188 apud
1574 2115 1782 2168 nullum
1834 2113 2173 2184 scriptorem,

342 2208 801 2279 proloquium
858 2206 1001 2279 apud
1053 2206 1422 2276 Augustinum
1478 2211 1530 2256 et
1586 2203 1865 2274 Capellam
1909 2202 2176 2254 occurrit·

348 2317 577 2369 quorum
630 2299 773 2350 hunc
825 2297 1023 2350 librum
1062 2297 1128 2348 de
1170 2296 1451 2348 dialectica
1493 2294 1697 2364 legisse
1737 2295 1964 2360 conSt'at,
2003 2291 2170 2343 'ilium

346 2389 581 2441 eundem
614 2391 843 2442 fortasse
880 2388 1190 2441 adhibuisse
1213 2406 1374 2458 supra
1399 2386 1650 2439 uidimus,
1684 2384 1781 2438 sed
1803 2382 2026 2466 longius
2048 2401 2170 2454 pro-

344 2478 709 2549 grediendum
762 2487 858 2532 est.
914 2486 1096 2531 narrat
1143 2479 1285 2531 enim
1334 2474 1437 2529 hoc
1485 2476 1660 2546 capite
1715 2467 2056 2547 Gelliuszse
2093 2473 2171 2525 in-

350 2569 548 2639 spectis
575 2569 983 2621 dialecticorum
1023 2565 1358 2635 εἰσαγωγαῖς,
1397 2575 1455 2619 ut
1494 2565 1869 2619 de'axiomatis
1895 2574 1926 2616 a
1949 2563 2022 2617 M.
2040 2562 2173 2615 Var-

344 2674 476 2709 rone
517 2657 726 2728 profata
769 2657 859 2708 uel
900 2656 1185 2727 proloquia
1221 2654 1504 2727 adpellatis
1558 2668 1615 2706 se
1655 2653 1926 2722 edoceret,
1969 2653 2173 2723 quaesi-

343 2747 487 2800 uisse
526 2746 972 2799 commentarium
1006 2746 1069 2798 L.
1109 2745 1237 2797 Aeli
1277 2744 1344 2796 de
1378 2743 1695 2815 proloquiis,
1733 2762 1892 2815 quem
1931 2743 2051 2796 sine·
2084 2744 2175 2796 du-

346 2837 435 2888 bio
459 2836 514 2889 in
540 2837 733 2889 eodem
756 2837 894 2888 libro
911 2834 1176 2887 Varronis
1202 2842 1359 2904 atque
1398 2834 1534 2886 illud
1573 2841 1926 2887 memoratum
1965 2834 2176 2887 uiderat

347 2927 439 2995 (cf.
461 2926 522 2979 L.
545 2926 819 2980 Mercklin
856 2926 906 2977 d.
929 2923 1250 2977 citiermeth.
1282 2923 1332 2975 d.
1357 2923 1504 2977 Gell.
1545 2923 1599 2975 in
1617 2923 1961 2977 Fleckeiseni
1999 2920 2172 2977 annal.

511 3179 556 3230 1)
589 3177 688 3221 Hoc
729 3191 891 3220 moneo
934 3181 1126 3234 propter
1168 3177 1382 3222 Carolum
1424 3176 1583 3222 Prantl
1616 3179 1646 3222 l.
1679 3177 1707 3222 l.
1740 3194 1785 3235 p.
1814 3176 1901 3222 667
1942 3177 2021 3234 qui
2058 3174 2107 3222 id
2149 3190 2176 3221 a

345 3257 504 3302 stoicis
537 3258 734 3300 alienum
768 3261 915 3313 putat.
948 3257 1170 3315 Laertius·
1195 3263 1348 3301 autem
1385 3259 1614 3315 Diogenes
1651 3259 1752 3314 (VII
1772 3259 1846 3308 63)
1885 3257 2067 3303 scribit:
2101 3258 2171 3300 ἔλ-

343 3335 450 3393 λίπῆ
479 3335 641 3395 (λεκτὰ)
672 3337 764 3396 μὲν
795 3330 874 3381 οὖν
905 3339 995 3380 ἔστι
1030 3335 1084 3380 τὰ
1117 3333 1454 3395 ἀπ’)απάρτιστον
1497 3339 1660 3396 ἔχοντα
1701 3335 1780 3393 τὴν
1824 3319 2030 3397 ἐκφορὰν
2077 3331 2175 3380 οἷον

341 3414 545 3476 ‘ypaqel'
555 3434 563 3442 ·
600 3418 896 3476 ἐπιζητοῦμεν
924 3433 1012 3474 γαο
1044 3420 1133 3469 τις,·
1186 3418 1308 3472 quod
1349 3433 1454 3460 cum
1486 3418 1533 3460 in
1562 3417 1711 3473 prima
1753 3421 1800 3460 et
1833 3413 2034 3461 secunda
2072 3429 2174 3471 per-

345 3510 458 3539 sona
498 3497 709 3540 absolute
752 3496 912 3552 quaeri
954 3510 1049 3540 non
1089 3497 1254 3553 possit,
1298 3497 1547 3540 discrimen
1589 3494 1819 3551 quoddam
1860 3495 1984 3570 inter
2013 3479 2095 3539 has
2128 3488 2174 3537 et

343 3577 470 3620 illam
501 3576 664 3619 fecisse
698 3578 870 3621 stoicos
904 3576 1123 3632 sequitur.
