2288 4056
1032 328 1094 376 19

134 477 319 553 specie
365 476 598 546 quadam
634 474 1030 549 probabilitatis
1064 475 1199 528 haec
1242 483 1607 549 opponuntur,
1649 473 1970 547 praesertim

134 585 260 637 cum
290 568 372 634 ,ita
406 574 580 620 totum
601 564 903 638 Augustini
940 566 1260 638 opusculum
1286 583 1356 619 ex
1379 584 1488 619 uno
1500 564 1770 619 Varronis
1808 565 1971 634 libro,

136 674 461 728 quamquam
501 674 702 727 magno
756 673 923 729 opere
963 664 1271 729 extenuatO,
1319 657 1572 710 haustum
1619 673 1737 709 esse
1785 654 1972 728 possit,

133 733 258 801 nam
307 765 444 819 quae
495 747 562 800 de
609 747 665 800 ui
716 746 873 800 uerbi
914 747 1153 820 disputat
1197 765 1311 818 cap.
1330 746 1576 801 VII-X
1611 746 1763 799 nullo
1806 746 1970 798 modo

131 837 288 892 libris
326 838 395 892 de
430 838 621 909 lingua
652 837 837 907 latina,
873 838 1114 910 perbene
1155 836 1473 891 dialecticae
1513 843 1638 907 apta
1675 844 1817 890 sunt.
1859 835 1971 891 Sed

133 937 516 1002 praeterquam
540 927 685 999 quod
714 928 771 981 in
794 928 897 982 hac
923 929 1088 998 (libro
1130 928 1273 982 enim
1312 927 1575 998 singulari
1614 927 1973 990 tractabatur)

134 1038 580 1092 unumquemque
621 1027 730 1073 tam
768 1019 935 1090 longa
970 1019 1261 1091 disputatio
1301 1019 1370 1071 de
1408 1018 1759 1089 etymologiis
1803 1017 1970 1070 offen-

135 1110 248 1184 det,
286 1113 472 1166 nescio
513 1131 583 1164 an
617 1111 910 1182 singularis
945 1128 1260 1178 consenSUS,
1312 1127 1474 1182 quem
1526 1129 1689 1182 supra
1722 1108 1972 1179 exposui,

136 1221 260 1257 eum
297 1202 452 1256 libris
494 1202 561 1256 de
597 1203 790 1274 lingua
833 1200 1002 1254 latina
1052 1201 1191 1253 hanc
1240 1199 1633 1253 dubitationem
1681 1200 1850 1253 tollat.
1902 1217 1970 1251 ne

135 1300 316 1349 autem
367 1292 507 1347 nihil
554 1291 852 1364 profecisse
888 1291 1189 1360 uideamur,
1242 1292 1289 1346 si
1334 1292 1439 1346 hoc
1479 1291 1776 1345 concedere
1818 1308 1997 1370 pror--

136 1402 229 1440 sus
263 1402 498 1453 recusas,
531 1403 700 1437 unum
740 1383 930 1437 adicio.
970 1383 1282 1436 Varronem
1331 1383 1502 1437 libros
1559 1382 1974 1453 disciplinarum

137 1475 322 1539 multis
357 1475 511 1531 annis
550 1482 675 1546 post
710 1475 835 1529 illos
881 1474 948 1527 de
985 1474 1177 1546 lingua
1211 1474 1377 1528 latina
1415 1474 1698 1544 scripsisse
1749 1473 1971 1526 demon-

138 1565 327 1624 strauit
365 1565 703 1621 Ritschelius
740 1563 832 1619 l.'l.
869 1585 920 1638 p.
943 1564 1030 1634 57,
1068 1564 1312 1635 quamuis
1361 1565 1424 1618 L.
1465 1564 1740 1619 Mercklin
1777 1564 1973 1637 (philo-

136 1656 251 1729 log.
289 1656 412 1713 IIII
442 1677 496 1730 p.
519 1657 647 1728 427)
685 1657 994 1726 dissentiat3
1049 1657 1107 1709 in
1142 1657 1225 1710 his
1259 1657 1429 1728 igitur
1465 1657 1583 1710 sine
1628 1655 1792 1709 dubio
1837 1673 1974 1728 quae

138 1747 256 1822 ipse
311 1767 520 1803 summa
571 1748 837 1802 industria
889 1749 1165 1817 multaque
1216 1748 1568 1802 meditatione
1619 1753 1971 1819 congesserat

139 1856 256 1906 non
291 1838 559 1909 neglexit,
599 1837 697 1892 sed
723 1845 1015 1892 retractata
1035 1839 1346 1910 passimque
1372 1846 1575 1892 mutata
1603 1846 1659 1891 et
1689 1837 1979 1891 admodum

145 1938 420 1994 contracta
459 1949 616 1985 suum
651 1930 709 1983 in
742 1950 902 1984 usum
941 1930 1229 1998 conuertit,
1275 1930 1333 1982 id
1377 1931 1523 2001 quod
1561 1930 1725 1983 etiam
1763 1930 1822 1981 in
1860 1927 1976 1981 aliis

137 2021 295 2087 libris
334 2040 459 2076 eum
497 2021 695 2075 fecisse
745 2022 886 2076 infra
935 2023 1185 2076 monebO.
1232 2029 1504 2094 utcunque
1557 2021 1727 2093 igitur
1768 2020 1974 2089 statuiS,

141 2129 468 2185 quamquam
505 2113 656 2185 prius
695 2112 834 2167 illud
882 2113 1017 2166 mihi
1067 2114 1238 2166 multo
1278 2113 1455 2185 magis
1504 2112 1745 2166 arridere
1795 2119 1978 2163 tacere

139 2202 297 2271 nolo„
320 2203 439 2258 iure
475 2211 661 2258 nostro
702 2223 848 2258 nunc
888 2203 1023 2257 haec
1059 2203 1332 2276 fragmina
1365 2223 1464 2258 nos
1501 2204 1558 2258 in
1602 2202 1874 2273 relliquiis
1912 2201 1981 2255 de

142 2291 332 2366 lingua
355 2294 533 2349 'latina
566 2296 789 2367 posuise
826 2295 1114 2350 concedes.

307 2382 503 2451 Varro,
524 2385 676 2438 cuius
695 2384 864 2437 uerba
880 2384 1228 2454 Augustinus
1254 2383 1437 2436 multis
1458 2381 1780 2451 ambagibus
1801 2378 1981 2433 reddi-

146 2471 242 2543 dit,
279 2472 347 2527 de
373 2474 662 2528 enuntiatis
682 2474 1016 2546 simplicibus
1039 2481 1092 2527 et
1111 2473 1413 2528 coniunctis
1437 2472 1567 2543 egit,
1593 2490 1822 2542 quorum
1842 2471 1977 2523 haec

144 2564 471 2618 sententiam
490 2572 584 2618 aut
604 2565 815 2638 inplent
835 2574 1056 2619 autnon
1085 2566 1297 2638 inplent
1324 2565 1412 2634 (fr.
1427 2564 1570 2634 32³⁸).
1610 2580 1746 2633 quae
1773 2561 1983 2634 inplent

143 2653 344 2708 iterum
381 2654 640 2709 affirmari
677 2665 904 2726 possunt
940 2664 1031 2709 aut
1066 2664 1370 2726 nequeunt;
1416 2655 1599 2727 priora
1641 2660 1763 2707 sunt
1799 2651 1978 2724 prolo-

148 2743 290 2817 quia,
327 2743 395 2798 de
433 2764 664 2818 quorum
699 2746 1079 2800 coniunctione
1117 2753 1393 2819 postremo
1431 2744 1584 2798 dixit.
1618 2744 1752 2796 haec
1791 2741 1982 2795 stoico-

146 2853 268 2889 rum
306 2833 460 2888 λεκτὰ
496 2836 687 2904 ἐλλιπῆ
720 2845 775 2890 et
813 2835 1080 2904 αὐτοτελῆ,
1126 2834 1401 2902 ἀξιώματα
1444 2833 1587 2886 ἁπλᾶ
1625 2843 1678 2889 et
1709 2831 1806 2898 οὐχ
1838 2830 1983 2882 ἁπλᾶ

149 2942 268 2981 esse
300 2925 472 2982 uides.
513 2927 571 2980 in
610 2928 804 2997 quibus
837 2947 1005 2982 unum
1042 2928 1342 2981 notandum
1364 2936 1461 2982 est.
1489 2919 1658 2981 'tertia
1683 2924 1837 2978 uerbi
1858 2939 1981 2995 per-

147 3036 279 3072 sona
303 3026 521 3091 praeter
542 3020 728 3089 uerba,
767 3037 905 3090 quae
945 3038 1042 3073 nos
1081 3019 1305 3073 dicimus
1342 3017 1724 3090 inpersonalia,
1765 3016 1822 3068 in
1857 3013 1983 3065 sim—

147 3107 378 3180 plicibus
416 3109 599 3164 uerbis
630 3110 870 3184 ponitur,
906 3110 1082 3182 prima
1119 3118 1172 3163 et
1204 3110 1444 3164 secunda
1483 3126 1715 3182 persona
1757 3106 1815 3158 in
1854 3121 1982 3157 con-

149 3323 232 3370 ffla
258 3325 404 3371 uerba
434 3326 726 3384 contrahens,
758 3327 851 3372 ista
882 3327 1187 3375 distendens’.
1220 3328 1276 3372 cf.
1311 3327 1421 3371 Isid.
1455 3325 1570 3382 orig.
1605 3323 1646 3367 II
1678 3319 1808 3377 23,1.
1842 3333 1868 3361 a
1896 3315 1981 3359 Ze-

88 3451 96 3453 s
151 3418 273 3450 none
305 3403 424 3452 haec
464 3406 724 3453 Varronem
762 3409 1058 3453 transtulisse
1103 3409 1303 3454 Cassiod.
1334 3408 1363 3451 l.
1398 3408 1506 3463 l.·p.
1536 3404 1646 3448 5311>
1689 3400 1813 3446 Sext.
1846 3397 1980 3454 Emp.

155 3482 260 3541 ndu.
293 3483 434 3547 math.
470 3487 515 3533 ΙΙ
534 3488 562 3534 7
593 3489 673 3534 alii
704 3490 891 3547 docent,
923 3493 972 3534 et
1002 3490 1092 3535 alia
1134 3490 1182 3534 in
1229 3491 1450 3547 promptu
1490 3489 1610 3541 sunt,
1659 3484 1824 3542 quibus
1869 3481 1985 3527 illud

155 3550 467 3638 confirmetur.
