2366 4048
960 345 1025 391 89

74 492 350 549 scribendi
404 492 540 546 ratio
579 512 610 544 a
652 490 886 545 Caesare
939 489 1182 542 instituta
1238 495 1534 559 posteaque
1585 488 1907 559 peruolgata

76 575 404 639 conmemori
446 583 700 655 potuerit,
738 590 829 634 aut
869 588 1095 653 propter
1120 579 1252 632 alias
1280 579 1515 632 rationes
1536 578 1592 631 in
1614 579 1715 631 hac
1745 597 1902 648 quae·

71 676 249 731 stione
281 675 631 747 neglegenda
668 682 807 727 sunt.
849 691 974 726 nam
1002 672 1127 724 libri
1157 671 1224 723 de
1249 670 1566 742 antiquitate
1595 670 1901 722 litterarum

70 767 259 839 primis
298 767 594 821 iuuentutis
633 766 786 818 annis
823 786 853 818 a
891 764 1153 834 scriptore
1194 761 1324 815 editi
1363 769 1502 830 sunt,
1557 761 1683 814 libri
1715 754 1900 814 *autem

73 857 141 910 de
180 858 391 930 origine
443 858 664 928 linguae
716 858 916 910 latinae
963 863 1023 909 ut
1073 856 1292 908 uidetur
1327 855 1396 907 ad
1437 853 1534 908 Cn.
1579 855 1903 925 Pompeium

71 949 220 1002 missi
256 950 487 1022 ideoque
527 957 616 1002 aut
651 956 938 1020 antequam
974 948 1100 1000 talia
1138 947 1417 1000 continere
1450 953 1744 1017 potuerunt
1781 964 1905 998 con,

71 1040 259 1114 scripti
299 1047 391 1094 aut
428 1040 472 1093 si
509 1038 899 1112 posterioribus
933 1038 1271 1110 temporibus
1311 1038 1578 1108 conpositi
1616 1044 1755 1105 sunt,
1798 1057 1906 1090 non

72 1134 380 1187 debuerunt
414 1130 542 1184 talia
583 1130 880 1198 continere,
935 1130 991 1182 in
1029 1130 1221 1199 quibus
1266 1128 1554 1201 Pompeius
1594 1130 1788 1183 merito
1828 1129 1903 1182 of-

70 1223 351 1279 fendisset.
421 1222 658 1290 denique
709 1239 778 1273 ex
831 1221 970 1274 libro
1017 1221 1083 1273 de
1134 1220 1484 1291 grammatica
1526 1221 1658 1273 haec
1693 1228 1906 1292 sumpta

69 1332 180 1367 non
218 1329 338 1367 esse
377 1311 786 1381 demonstrauit,
837 1311 882 1364 si
930 1319 1213 1383 praeterea
1261 1328 1587 1364 consensum
1628 1310 1782 1363 illum
1820 1330 1904 1363 or-

69 1403 555 1478 thographicorum
603 1403 850 1475 respiciS,
901 1401 1231 1456 Ritschelius
1279 1408 1483 1471 quaest.
1524 1401 1684 1454 Varr.
1730 1420 1782 1471 p.
1817 1402 1903 1454 23.

68 1502 293 1564 restant,
347 1513 474 1547 nam
523 1493 590 1547 de
643 1493 798 1547 libris
852 1494 920 1546 de
975 1492 1163 1564 lingua
1208 1492 1376 1545 latina
1421 1510 1580 1544 nemo
1624 1491 1904 1561 cogitabit,

67 1585 240 1640 nostri
273 1585 400 1639 libri
434 1603 554 1637 cum
587 1603 816 1654 quorum
843 1591 1164 1654 argumento
1191 1583 1323 1636 haec
1344 1583 1546 1654 optime
1569 1582 1904 1636 conueniunt

71 1685 125 1730 et
164 1676 255 1747 qui
289 1694 353 1730 eo
386 1685 633 1748 tempore
669 1676 855 1748 scripti
890 1684 1030 1743 sunt,
1060 1693 1165 1744 quo
1187 1674 1309 1727 talis
1332 1674 1733 1727 consuetudinis
1754 1692 1904 1727 men-

67 1768 143 1822 tio
178 1766 384 1821 nemini
422 1767 558 1820 mira
591 1767 684 1821 uel
719 1767 1009 1820 temerarie
1054 1766 1193 1819 iacta
1241 1765 1534 1818 uidebitur.
1612 1766 1697 1819 his
1737 1767 1906 1838 igitur

71 1859 250 1913 omnia
287 1876 424 1929 quae
461 1858 621 1912 modo
659 1858 919 1930 conposui
963 1858 1191 1929 adsigno
1233 1875 1404 1927 eaque
1439 1858 1584 1912 inter
1611 1858 1779 1912 libros
1801 1858 1906 1911 dis-'

69 1950 319 2020 tribuam,
355 1958 518 2022 prout
553 1950 894 2021 singulorum
934 1958 1256 2021 argumenta
1296 1968 1432 2022 quae
1465 1968 1628 2022 supra
1665 1949 1905 2002 stabilire

71 2042 247 2095 studui
287 2042 579 2113 postulant.

234 2133 587 2206 Incipiamab
615 2133 692 2186 eis
716 2150 855 2204 quae
881 2132 952 2185 ad
989 2133 1249 2186 librum
1288 2133 1591 2205 primum
1629 2131 1904 2203 pertinere

68 2225 344 2280 uidentur.
416 2232 606 2278 notum
655 2232 737 2276 est
777 2223 1160 2294 grammaticos
1197 2224 1394 2277 latinos
1436 2224 1664 2276 multum
1699 2222 1906 2295 quaesi-

25 2330 29 2333 ’
69 2316 215 2370 uisse
252 2314 321 2368 de
342 2315 588 2368 -diuersis
624 2316 655 2369 I
690 2314 904 2391 litterae
960 2315 1106 2368 sonis
1158 2314 1445 2386 uariasque
1498 2314 1735 2367 rationes
1774 2333 1903 2385 quo-

69 2406 231 2459 modo
255 2405 390 2459 haec
409 2405 718 2459 discrimina
740 2405 974 2458 notanda
996 2414 1176 2459 essent
1197 2407 1539 2477 excogitasse
1560 2405 1653 2474 (cf.
1675 2403 1904 2460 Schnei-

71 2497 169 2551 der
185 2497 278 2550 lat.
300 2515 528 2569 gramm.
547 2496 578 2549 I
606 2498 632 2548 1
654 2516 706 2568 p.
731 2497 811 2550 19.
833 2497 901 2550 63
924 2515 1002 2566 sq.
1043 2497 1137 2551 W.
1162 2497 1402 2553 Oorssen
1428 2516 1634 2568 ausspr.
1652 2498 1824 2550 uocal.
1854 2516 1904 2548 u.

70 2588 294 2660 betong.
331 2587 381 2641 d.
427 2588 519 2642 lat.
557 2589 587 2642 I
624 2589 802 2660 p.142
827 2607 906 2658 sq.
961 2589 1170 2643 Ritschl
1207 2609 1331 2643 nou.
1366 2608 1500 2642 mus,
1535 2589 1689 2642 rhen.
1730 2588 1905 2642 XIIII

69 2699 121 2754 p.
143 2680 263 2735 298.
292 2680 396 2733 378
419 2699 498 2750 sq.
563 2679 634 2735 G.
657 2680 899 2736 Schmitz
937 2681 1112 2734 studia
1150 2683 1397 2753 orthocp.
1438 2688 1491 2733 et
1529 2680 1772 2750 orthogr.
1814 2680 1904 2732 lat.

69 2767 105 2825 I
133 2789 185 2842 p.
207 2772 256 2826 6.
298 2773 363 2825 13
394 2772 518 2843 sq.).
579 2772 822 2825 breuiter
861 2792 1126 2827 summam
1162 2773 1244 2825 rei
1286 2771 1684 2845 conprehendit
1721 2789 1904 2840 quam-

71 2881 230 2934 quam
269 2880 380 2916 non
433 2861 724 2916 admodum
780 2871 938 2916 acute
993 2862 1236 2916 diuersas
1290 2882 1378 2916 res
1430 2863 1677 2916 confudit
1711 2863 1902 2915 Velius

67 2953 294 3025 Longus
333 2955 404 3025 (p
423 2953 620 3022 2216):
659 2954 705 3007 ‘I
741 2973 872 3008 uero
909 2955 1091 3008 littera
1119 2954 1394 3008 interdum
1419 2955 1576 3007 exilis
1604 2961 1701 3020 est,
1739 2955 1900 3006 inter-

71 3044 199 3098 dum
238 3044 478 3118 pinguiS,
524 3054 584 3099 ut
619 3046 677 3098 in
711 3064 775 3099 eo
818 3047 964 3116 quod
1004 3054 1084 3100 est
1117 3053 1291 3112 prodit
1325 3054 1479 3100 uincit
1509 3052 1673 3100 condit
1711 3045 1904 3098 exilius

69 3135 197 3190 u'olo
234 3155 445 3207 sonare,
501 3137 556 3190 in
613 3156 676 3191 eo
728 3155 859 3189 uero
912 3138 1056 3207 quod
1103 3137 1440 3208 significatur
1475 3143 1681 3202 prodire
1713 3144 1901 3190 uincire

69 3234 268 3290 condire
285 3246 456 3300 aeque
476 3216 654 3301 usquc*
669 3229 993 3303 pinguescit.
1024 3229 1275 3282 utiamin
1297 3228 1706 3298 ambiguitatem
1732 3226 1900 3292 cadat,

66 3325 249 3389 vutrum
284 3320 720 3393 perIquaedam
744 3321 978 3374 debeant
1003 3321 1350 3389 (habeantP.)
1375 3319 1478 3372 dici
1514 3339 1579 3372 an
1619 3318 1804 3389 pei-V,
1842 3325 1902 3369 ut

71 3415 153 3462 est
188 3417 401 3475 optimus
431 3419 686 3466 maxi-mus.
736 3411 793 3464 in
830 3411 1023 3480 quibus
1064 3411 1429 3464 adnotandum
1471 3410 1750 3479 antiquum
1790 3426 1900 3463 ser-

69 3516 286 3552 monem
320 3500 583 3571 plenioris
623 3520 784 3554 sonus
819 3501 984 3553 fuisse
1021 3509 1075 3554 et
1111 3510 1170 3554 ut
1201 3502 1274 3554 ait
1314 3500 1508 3555 Cicero
1545 3499 1898 3568 rusticanum,

75 3595 235 3658 atque
268 3587 375 3642 illis
416 3591 530 3643 fere
570 3590 837 3660 placuisse
871 3609 972 3661 per
996 3592 1039 3643 V
1063 3592 1191 3644 talia
1231 3590 1468 3643 scribere
1513 3597 1564 3642 et
1602 3589 1899 3643 enuntiare.
