2418 4048
1017 345 1076 391 61

130 503 213 563 cst
251 494 444 548 simile.
520 494 774 567 Ephorus
815 512 1031 566 quoque
1071 493 1324 548 Isocratis
1378 494 1678 566 discipulus
1727 495 1786 548 in
1829 494 1968 548 libro

129 585 254 651 περὶ
289 586 476 647 λέξεως
501 588 606 655 (cf.
644 586 796 641 Theo
834 603 1126 658 progymn.
1166 585 1223 638 II
1260 606 1311 658 p.
1335 586 1419 656 71,
1444 585 1512 637 22
1533 584 1630 656 Sp.
1686 585 1805 641 Cic.
1838 591 1970 638 orat.

134 678 218 742 57,
253 677 370 730 172.
419 678 504 746 57,
535 677 675 730 191..
699 677 780 743 64,
815 678 939 742 218)
992 677 1058 730 (16
1098 676 1355 745 rhythmo
1397 677 1629 730 oratorio
1667 675 1972 746 eodemque

134 768 254 822 loco
291 768 360 822 de
398 775 624 821 accentu
661 777 792 841 puto
836 769 966 840 egit.
1025 767 1345 839 paucissima
1383 767 1450 820 de
1487 767 1851 838 grammaticis
1892 766 1971 819 di·

135 858 309 911 cenda
348 867 485 912 sunt.
523 859 590 912 de
611 858 970 912 Hermocrate
989 858 1133 912 Iasio
1171 858 1310 911 nihil
1345 866 1667 930 conpertum
1705 842 1817 912 nisi
1845 876 1969 911 eum

138 949 461 1004 Callimachi
513 950 833 1021 magistrum
885 950 1052 1004 fuisse
1106 948 1283 1017 (Suid.
1328 949 1679 1015 Καλλίμαχος
1724 950 1788 1003 cf.
1832 950 1967 1004 Mar.

131 1041 278 1095 Vict.
314 1043 346 1096 I
376 1041 428 1110 4,
464 1043 530 1095 96
568 1060 620 1113 p.
641 1041 778 1094 2468
798 1042 888 1113 Ρ),
941 1041 1331 1095 Eratosthenes
1375 1040 1695 1113 Cyrenaeus
1731 1041 1789 1095 in
1829 1041 1970 1095 libro

132 1132 340 1186 musico
378 1132 470 1185 uel
506 1131 888 1184 mathematico
917 1131 1008 1200 (cf.
1036 1130 1106 1186 Gr.
1129 1131 1459 1201 Bernhardy
1479 1132 1751 1189 Eratosth.
1780 1132 1974 1204 p.169)

135 1241 288 1278 suam
343 1223 415 1276 de
466 1223 612 1277 flexo
673 1230 902 1276 accentu
960 1224 1284 1276 sententiam
1340 1224 1610 1294 exposuit,
1665 1223 1969 1293 Dionysius

134 1315 322 1368 Thrax
359 1314 426 1367 de
462 1314 636 1368 tribus
677 1313 990 1367 accentibus
1027 1314 1345 1383 uolgaribus
1381 1313 1439 1367 in
1474 1322 1588 1366 arte
1616 1315 1971 1385 grammatica

138 1405 388 1470 (Bekker
426 1406 614 1459 anecd.
657 1415 739 1475 gr.
779 1405 838 1458 Π
873 1423 926 1475 p.
961 1404 1063 1457 629
1097 1406 1199 1475 sq.)
1248 1404 1407 1472 dixit,
1443 1404 1801 1458 Ammonium
1840 1405 1974 1459 Ale·

134 1497 462 1551 xandrinum
502 1496 910 1550 obseruationes
949 1496 1015 1548 de
1066 1497 1225 1549 rebus
1266 1495 1602 1567 prosodiacis
1644 1496 1838 1550 fecisse
1875 1496 1974 1551 sci-

134 1606 255 1641 mus
294 1587 494 1657 (Bekk.
532 1588 568 1642 l.
609 1588 644 1641 l.
683 1589 712 1641 J
751 1608 801 1659 p.
822 1588 943 1640 470.
986 1587 1073 1640 III
1097 1605 1150 1658 p.
1175 1586 1348 1654 1006).
1387 1594 1592 1641 restant
1627 1587 1970 1660 peripatetici

136 1678 529 1734 Athenodorus
567 1686 621 1732 et
643 1679 1067 1750 Theophrastus,
1114 1698 1343 1750 quorum
1379 1679 1611 1732 alterum
1653 1697 1979 1751 quamquam

138 1771 336 1825 summi
369 1771 629 1824 acuminis
667 1771 848 1824 uirum
883 1789 1110 1840 usquam
1143 1778 1500 1823 memoratum
1518 1772 1556 1837 ¹)
1593 1789 1705 1824 non
1740 1769 1980 1839 inueniO,

142 1863 281 1916 alter
319 1846 461 1916 num'
485 1862 552 1915 de
591 1862 773 1915 media
811 1862 1068 1934 prosodia
1103 1863 1160 1915 in
1196 1862 1336 1915 libro
1382 1859 1504 1928 περὶ
1539 1862 1725 1927 τεχνῆς
1772 1856 1981 1929 ῥητορι-

139 1953 237 2020 κῆς
272 1954 365 2007 1161
399 1952 523 2021 περὶ
560 1954 748 2015 λέξεως
788 1953 881 2024 (cf.
905 1954 1050 2007 Max.
1077 1953 1332 2007 Schmidt
1373 1952 1441 2006 de
1462 1952 1739 2024 Theophr.
1777 1951 1977 2021 rhet.2)

140 2065 194 2119 p.
227 2046 292 2100 37
329 2066 408 2119 sq.
484 2047 557 2100 H.
590 2046 807 2100 Vsener
862 2047 1002 2100 anal.
1040 2045 1315 2117 Theophr.
1369 2063 1422 2115 p.
1457 2045 1548 2111 20)
1604 2063 1672 2097 an
1719 2042 1777 2097 in
1827 2043 1980 2097 libris

144 2138 268 2208 περὶ
299 2142 560 2206 μουσικῆς
596 2140 810 2194 locutus
848 2138 918 2191 sit
938 2138 1203 2191 incertum
1229 2145 1327 2206 est,
1364 2154 1435 2190 ex
1474 2136 1559 2190 his
1594 2153 1728 2189 uero
1766 2143 1982 2188 tantum

143 2251 254 2286 non
291 2232 471 2286 omnia
513 2231 582 2285 de
617 2231 837 2285 musicis
879 2229 1099 2300 organis
1143 2236 1194 2281 et
1231 2247 1489 2282 sonorum
1526 2227 1823 2282 rationibus
1845 2226 1983 2279 Var-

144 2335 337 2376 ronem
375 2331 676 2376 mutuatum
714 2340 832 2376 esse
868 2321 1160 2374 admodum
1197 2321 1315 2373 ueri
1344 2320 1518 2373 simile
1548 2327 1643 2373 est.
1687 2318 1771 2372 his
1814 2318 1983 2370 adnu-

147 2431 359 2468 merare
395 2414 522 2467 licet
560 2414 972 2482 Aristoxenum,
1009 2431 1171 2483 quem
1208 2413 1266 2464 in
1303 2411 1676 2483 superioribus
1711 2410 1984 2463 interdum

147 2512 344 2558 testem
381 2505 730 2579 protulimus3
783 2523 1107 2575 quamquam
1149 2504 1292 2556 enim
1332 2502 1739 2573 Theophrastus
1776 2501 1835 2554 in
1871 2519 1984 2554 mu-

149 2597 276 2650 sicis
313 2598 473 2651 rebus
508 2598 572 2650 ab
611 2598 823 2650 aemulo
858 2615 954 2651 suo
993 2614 1192 2666 magno
1227 2614 1337 2648 non
1370 2595 1446 2647 ita
1469 2595 1634 2666 longe
1670 2591 1984 2646 discessisse

147 2688 498 2756 uidetur'spf.
532 2688 778 2742 AristOX.
817 2707 900 2760 ap.
932 2688 1128 2742 Boeth.
1167 2688 1234 2740 de
1271 2706 1406 2740 muS.
1428 2687 1480 2739 V
1505 2686 1537 2739 3
1572 2706 1623 2758 p.
1650 2685 1782 2738 1288
1807 2684 1983 2754 Mign.

147 2777 425 2852 Theophr.
466 2800 552 2853 ap.
589 2780 860 2853 Porphyr.
911 2781 946 2834 1.
985 2781 1020 2833 1.
1059 2800 1110 2852 p.
1147 2779 1248 2833 241
1296 2779 1422 2849 sq.),
1459 2778 1635 2831 Varro
1668 2776 1781 2830 sine
1821 2775 1986 2829 dubio

150 2870 391 2928 omnium
410 2873 739 2926 musicorum
756 2873 1060 2946 principem
1074 2891 1189 2926 *non
1209 2870 1474 2942 neglexit,
1495 2870 1646 2923 cuius
1667 2869 1835 2923 libros
1864 2885 1988 2920 eum

296 3115 361 3180 .1)
382 3115 515 3178 ,1..A.
546 3116 788 3161 Fabricius
818 3116 929 3161 bibl.
963 3131 1032 3174 gr.
1060 3116 1127 3159 III
1157 3114 1484 3172 p.472·unu1n
1511 3113 1692 3169 profert
1722 3110 1990 3156 Athenodo-

150 3186 254 3241 rum
287 3196 415 3242 cuius
447 3193 720 3256 περιπάτους
749 3198 961 3242 Laertius
993 3197 1224 3254 Diogenes
1255 3200 1328 3240 ter
1359 3199 1580 3252 quaterue
1611 3194 1839 3238 adhibuit.

318 3278 362 3335 2)
394 3278 587 3322 Frustra
614 3279 877 3336 fragmenta
908 3278 1144 3322 rhetorica
1175 3278 1383 3334 exceptis
1414 3280 1633 3332 quattuor
1676 3288 1733 3318 ex
1760 3271 1988 3316 Demetrii

147 3362 261 3417 περὶ
296 3359 535 3418 ἑρμηνείας
572 3362 636 3416 (p.
667 3359 771 3414 191)
810 3359 991 3415 quaeris
1031 3359 1081 3401 in
1123 3359 1491 3413 fragmentorum
1535 3354 1986 3410 Theophrasteorum

71 3460 78 3467 ὲ
154 3440 462 3496 conlectione,
495 3454 632 3496 quam
666 3455 814 3497 nuper
844 3440 992 3483 edidit
1021 3441 1073 3484 F.
1091 3440 1332 3493 W'immer,
1381 3437 1460 3494 qui
1493 3446 1766 3492 quamquam
1796 3433 1991 3476 aliorum

155 3519 366 3563 sollertia
394 3521 679 3564 sse-fructum
710 3535 811 3564 esse
841 3520 1094 3577 praedicat,
1126 3535 1185 3563 ne
1219 3517 1449 3563 Schmidti
1485 3515 1670 3572 quidem
1698 3514 1867 3558 librum
1897 3513 1927 3556 1.
1954 3527 1989 3557 s.

154 3600 185 3643 1.
216 3601 363 3643 nouit.
