2280 4088
1043 349 1142 397 147

186 515 299 552 non
335 495 498 550 modo
534 495 673 550 nihil
711 494 978 548 minutum
1018 493 1087 546 sit
1128 492 1225 546 sed
1267 492 1476 563 aliquid
1525 492 1688 546 etiam
1739 492 2020 546 creuerit?

185 587 414 642 dicimus
451 594 634 640 tamen
663 594 891 658 propter
927 583 1200 655 quandam
1234 583 1574 636 uicinitatem
1611 582 1880 636 minutum
1920 602 2019 655 pro

186 696 373 750 paruo,
426 678 526 732 sed
573 678 709 732 haec
754 678 940 733 abusio
981 678 1039 731 in
1078 683 1347 748 potestate
1389 674 1663 744 loquentis
1705 682 1800 743 est,
1855 675 2020 728 habet

180 768 329 824 enim
367 787 595 840 paruum
633 775 694 822 ut
727 769 995 823 minutum
1031 785 1143 822 non
1177 766 1339 820 dicat.
1394 764 1533 818 illud
1570 766 1745 836 magis
1780 765 2019 838 pertinet

120 865 149 911 5
181 859 251 915 ad
299 859 355 913 id
408 860 554 932 quod
602 872 746 914 nunc
796 860 1050 913 uolumus
1099 857 1408 924 ostendere,
1464 857 1610 926 quod
1647 870 1778 910 cum·
1809 856 2018 929 piscina

183 950 380 1006 dicitur
418 950 476 1005 in
508 950 735 1019 balneis,
770 949 828 1003 in
867 969 972 1020 qua
1006 948 1236 1023 piscium
1275 948 1414 1001 nihil
1452 948 1519 1002 sit
1555 947 1800 1017 nihilque
1838 948 2014 1002 simile

181 1041 422 1114 piscibus
471 1042 684 1110 habeat,
735 1041 954 1094 uidetur
984 1048 1186 1097 tamen
1235 1061 1264 1093 a
1310 1040 1552 1112 piscibus
1603 1039 1746 1092 dicta
1792 1047 2018 1112 propter

182 1151 408 1202 aquam,¹
429 1132 523 1186 ubi
543 1119 781 1204 piscibus
809 1131 922 1184 uita
947 1139 1043 1184 est.
1084 1132 1158 1183 ita
1190 1130 1520 1183 uocabulum
1550 1150 1659 1184 non
1695 1131 2014 1185 translatum

182 1222 551 1286 similitudine,
595 1221 692 1275 sed
733 1221 967 1291 quadam
1005 1220 1284 1272 uicinitate
1319 1228 1639 1292 usurpatum
1665 1229 1760 1275 est.
1800 1221 1947 1291 quod
1973 1222 2017 1275 si

94 1320 154 1366 10
185 1312 303 1383 quis
342 1312 484 1368 dicat
518 1311 766 1366 homines
807 1312 1048 1383 piscibus
1082 1311 1292 1369 vsimiles
1336 1311 1571 1364 natando
1622 1312 1750 1365 fieri*
1784 1319 1846 1364 'ct
1887 1312 2016 1364 inde

178 1403 420 1475 piscinae
456 1421 656 1456 nomen
695 1421 814 1456 esse
844 1410 1048 1471 natum,
1104 1402 1328 1455 stultum
1378 1409 1462 1454 est
1504 1419 1835 1474 repugnare,
1892 1422 2015 1455 cum

180 1496 246 1549 ab
281 1513 343 1548 re
378 1501 632 1548 neutrum
670 1493 959 1546 abhorreat
995 1499 1052 1544 et
1089 1499 1382 1563 utrumque
1420 1493 1599 1547 lateat..
1655 1493 1792 1546 illud
1832 1502 2016 1547 tamen

180 1586 320 1639 bene
357 1584 570 1652 accidit,
623 1584 768 1653 quod
815 1584 920 1637 hoc
959 1603 1067 1636 uno
1112 1584 1367 1655 exemplo
1408 1583 1710 1637 diiudicare
1748 1585 1854 1638 iam
1892 1604 2015 1656 pos-

180 1694 382 1742 sumne,
418 1674 511 1744 qui
551 1674 717 1727 distet
754 1674 910 1745 origo
947 1673 1102 1728 uerbi
1153 1691 1289 1743 quae
1342 1674 1412 1726 de
1446 1675 1722 1727 uicinitate
1760 1676 2016 1746 arripitur

93 1772 149 1821 15
181 1765 248 1820 ab
289 1783 353 1818 ea.
391 1781 527 1834 quae
568 1763 636 1816 de
675 1763 1029 1817 similitudine
1072 1762 1302 1815 ducitur.
1360 1763 1486 1815 hinc
1522 1764 1663 1816 facta
1702 1765 2017 1836 progressio

179 1871 354 1928 usque
394 1855 460 1910 ad
498 1856 847 1912 contrarium.
918 1876 1044 1909 nam
1091 1856 1246 1910 lucus
1294 1873 1358 1908 eo
1404 1855 1575 1909 dictus
1613 1865 1835 1928 putatur
1871 1858 2015 1926 quod

181 1946 404 2002 minime
440 1947 636 2017 luccat,
692 1956 746 2000 et
789 1947 997 2000 bellum
1034 1947 1180 2019 quod
1228 1963 1317 1999 res
1366 1945 1512 1999 bella
1545 1967 1656 2001 non
1694 1949 1779 2016 sit,
1819 1957 1872 2001 et
1908 1949 2019 2001 foe-

182 2040 330 2094 deris
365 2041 753 2111 nomen'quod
792 2059 880 2095 res
919 2040 1082 2094 foeda
1120 2059 1232 2093 non
1268 2039 1364 2107 sit;
1406 2040 1551 2109 quod
1589 2041 1633 2093 si
1684 2062 1714 2094 a
1754 2041 2014 2095 foeditate

182 2130 335 2204 porci
376 2131 581 2185 dictum
619 2139 700 2185 est
736 2138 796 2183 ut
831 2130 1081 2184 nonnulli
1119 2131 1328 2200 uolunt,
1362 2130 1507 2183 redit
1553 2131 1708 2203 origo
1762 2132 1830 2185 ad
1867 2132 2017 2186 illam

91 2229 152 2275 20
182 2222 536 2288 uicinitatem,
573 2241 698 2277 cum
727 2222 783 2275 id
822 2222 968 2292 quod
998 2221 1059 2274 fit
1098 2224 1163 2275 ab
1204 2240 1267 2276 eo
1305 2241 1404 2294 per
1430 2223 1575 2292 quod
1606 2224 1667 2276 fit
1692 2224 2020 2278 nominatur.

182 2333 307 2366 nam
346 2313 449 2367 ista
484 2315 703 2368 omnino
744 2315 995 2368 uicinitas
1033 2315 1142 2367 late
1182 2321 1332 2386 patet
1373 2321 1426 2365 et
1464 2332 1563 2386 per
1603 2315 1798 2367 multas
1837 2324 2016 2387 partes

182 2413 428 2480 secatur:
466 2413 556 2459 aut
592 2424 692 2479 per
729 2406 1092 2475 efficientiam,
1116 2414 1174 2458 ut
1196 2406 1298 2458 hoc
1319 2406 1500 2477 ipsum
1525 2425 1555 2457 a
1579 2405 1837 2458 foeditate
1864 2407 2018 2478 porci

183 2513 283 2566 per
303 2489 465 2565 quem
503 2496 697 2550 foedus
738 2497 995 2565 efficitur,
1035 2504 1128 2550 aut
1165 2515 1263 2568 per
1305 2497 1519 2565 effecta,
1559 2503 1619 2548 ut
1651 2503 1847 2568 puteus
1877 2497 2021 2569 quod

186 2586 302 2640 eius
342 2588 597 2641 effectum
634 2588 835 2658 potatio
880 2595 960 2639 est
1005 2587 1249 2640 creditur
1283 2587 1477 2655 dietus,
1529 2595 1619 2639 aut
1673 2605 1774 2658 per
1820 2587 1877 2640 id
1916 2607 2021 2660 quo

93 2681 152 2727 25
189 2677 514 2746 continetur,
568 2686 629 2731 ut
677 2679 870 2731 urbem
923 2678 988 2731 ab
1041 2678 1174 2732 orbe
1229 2678 1556 2750 appellatam
1606 2678 1816 2747 uolunt,
1875 2677 2021 2748 quod

184 2817 507 2863 diuersitatem
537 2818 607 2862 rei
637 2818 859 2872 nominat,
903 2822 955 2862 ut
988 2819 1164 2862 bellum
1202 2817 1391 2871 dicitur,
1441 2816 1565 2872 quod
1595 2815 1787 2859 minime
1831 2817 1892 2860 sit
1924 2816 2022 2860 bel-

184 2875 296 2935 lum,
328 2880 378 2921 et
408 2877 554 2934 lucus,
590 2878 714 2934 quod
743 2878 928 2922 minime
960 2878 1132 2923 luceat.
1171 2883 1226 2934 cs.
1262 2877 1432 2921 Donat.
1452 2876 1576 2931 1116,
1596 2876 1623 2919 2
1654 2890 1699 2932 Ρ.
1717 2875 1844 2920 1778.
1881 2876 2020 2919 Mart.

195 3068 198 3076 ,
230 3059 232 3062 .
352 3026 382 3072 2
423 3024 683 3087 quamdam
722 3021 865 3089 ΒΡΙΙ
890 3028 921 3073 4
961 3027 1154 3073 dicatur
1191 3025 1276 3075 ΟΡ
1306 3018 1331 3088 ΙΙ
1372 3025 1399 3071 5
1436 3039 1564 3070 nunc
1604 3039 1693 3072 om.
1737 3023 1779 3073 Ο
1813 3018 1837 3088 ΙΙ
1879 3027 1906 3072 6
1949 3026 2023 3089 pi-

186 3093 351 3146 acibus
382 3094 538 3142 simile
559 3094 645 3144 GP
663 3089 687 3160 ΙΙ
715 3098 743 3143 7
774 3095 956 3143 dictam
994 3097 1098 3144 BD
1120 3093 1145 3160 ΙΙ
1173 3099 1231 3143 11
1278 3095 1436 3142 stultu
1462 3094 1503 3144 G
1521 3088 1545 3157 ΙΙ
1569 3110 1846 3156 repugnare
1873 3095 2028 3143 BDP

187 3167 422 3228 reputare
458 3158 544 3229 ΟΙΙ
571 3168 631 3214 13
669 3166 824 3214 accidi
858 3162 942 3231 ΟΙΙ
964 3167 1057 3213 hoc
1093 3183 1184 3215 om.
1222 3159 1304 3228 ΟΙΙ
1333 3166 1396 3212 14
1434 3165 1555 3227 quid
1590 3165 1742 3211 distet
1765 3165 1860 3213 BC
1892 3166 2023 3227 quod

188 3235 301 3289 istic
336 3227 427 3298 ,ΡΙΙ
452 3234 698 3299 abripitur
738 3237 779 3285 C
798 3228 822 3317 ΙΙ
864 3238 924 3284 15
965 3237 1024 3283 de
1064 3236 1383 3283 similitudine
1423 3235 1567 3284 BOD
1625 3234 2023 3282 dissimilitudine

191 3298 302 3369 ΡΙΙ
306 3305 488 3353 dicitur
525 3300 608 3370 ΟΙΙ
637 3308 699 3354 19
737 3309 877 3369 origo
913 3306 1058 3409 BCrD
1097 3322 1214 3367 ergo
1251 3302 1341 3367 ΡΙΙ
1378 3306 1445 3352 20
1482 3321 1538 3351 eo
1573 3319 1632 3352 ex
1664 3307 1863 3352 correct.
1905 3305 2020 3352 add.

188 3417 242 3464 in
279 3415 320 3465 C
339 3410 364 3482 ΙΙ
388 3417 452 3463 22
490 3417 694 3465 feditate
734 3418 776 3467 G
794 3413 819 3482 ΙΙ
839 3433 980 3481 porcl
1017 3433 1160 3480 quem
1195 3417 1336 3464 fedus
1374 3417 1417 3466 G
1437 3411 1458 3480 ΙΙ
1485 3417 1547 3462 23
1586 3415 1826 3462 efficiatur
1866 3414 1956 3463 OD
1986 3412 2018 3475 ΙΙ

189 3540 278 3588 per
313 3527 536 3575 effectum
555 3530 603 3577 P
618 3523 645 3593 ΙΙ
671 3532 735 3578 24
772 3531 874 3578 eius
895 3528 1094 3576 effectus
1113 3529 1162 3576 P
1178 3491 1227 3591 ΙΙιι
1228 3483 1440 3591 1putatio
1462 3529 1512 3575 B
1546 3527 1741 3589 putatio
1763 3528 1815 3575 D
1838 3519 1862 3588 ΙΙ
1889 3526 2021 3588 quod

191 3598 467 3644 continetur
507 3598 547 3646 G
579 3599 711 3661 quod
750 3601 967 3646 continet
1001 3593 1091 3663 ΡΙΙ
1118 3599 1182 3646 25
1221 3599 1480 3661 apellatam
1520 3598 1561 3647 C
1580 3591 1605 3661 ΙΙ
