2314 4056
1217 341 1320 391 1924·

365 485 660 557 rhythmici
695 484 1028 556 temporibus
1065 484 1331 553 syllabas,
1371 485 1612 552 Tmetrieii
1646 493 1890 556 tempora
1951 486 2179 558 syllabis

365 578 577 632 finiunt.
1980 605 1982 607 ·

276 729 367 779 60A
503 708 681 760 Varro
735 707 807 759 ait
847 700 917 759 ad
971 701 1286 760 Marcellum
1338 706 1405 759 de
1451 707 1640 777 lingua
1684 706 1877 759 latina:
1931 681 2182 774 quattuor

365 797 685 851 foraminum
723 792 888 849 fuisse
907 801 1049 850 tibias
1083 795 1227 868 apud
1264 796 1525 865 antiquos,
1576 795 1775 847 etenim
1816 803 1873 847 et‘
1909 813 1966 848 se
2006 791 2182 868 ipsum

367 887 441 938 ait
476 886 533 938 in
573 885 777 958 templo
817 884 1069 954 Marsyae
1103 884 1305 938 uidisse
1344 885 1499 938 tibias
1530 891 1778 956 quattuor
1803 883 2159 953 foraminum]
2216 895 2244 940 5

278 1055 367 1105 6013
508 1039 664 1092 Tibia
715 1039 951 1111 phrygia
999 1039 1192 1092 dextra
1238 1057 1406 1091 unum
1459 1039 1702 1093 foramen
1747 1038 1939 1108 habets
1969 1018 2186 1093 sinistra

369 1134 494 1202 due,
533 1151 764 1204 quorum
799 1149 965 1188 unum
1000 1142 1215 1189 acutum
1253 1151 1446 1187 sonum
1483 1132 1647 1185 habet
1679 1131 1908 1185 alterum
1943 1145 2186 1203 grauem.

286 1279 361 1349 (31¹
510 1281 576 1334 In
624 1282 806 1353 priore
858 1284 1027 1336 uerbo
1079 1300 1276 1354 graues
1321 1281 1608 1353 prosodiae
1645 1298 1780 1351 quae
1819 1283 2040 1341 fuerunt
2075 1301 2183 1341 ma*
2243 1331 2245 1337 2

368 1379 517 1440 nent,
553 1372 796 1441 reliquae
833 1379 1059 1425 mutant.

279 1532 340 1582 62
509 1524 860 1593 Faenerator,
888 1524 1042 1577 sicuti
1061 1524 1133 1578 M.
1147 1524 1321 1577 Varro
1362 1524 1419 1577 in
1453 1525 1592 1578 libro
1635 1524 1793 1577 tertio
1831 1522 1898 1578 de
1937 1543 2184 1580 sermone
2220 1541 2278 1585 10

368 1613 534 1666 latino
578 1614 807 1686 scripsit,
848 1634 878 1666 a
917 1615 1139 1668 faenore
1176 1621 1256 1667 est
1291 1613 1613 1666 nominatus
1673 1613 1864 1670 faenus
1899 1621 2078 1669 autem
2114 1612 2188 1669 di-

370 1804 648 1861 breuiorem‚
693 1808 772 1848 aut
812 1806 951 1862 longa
981 1806 1253 1862 longiorem,
1302 1820 1437 1861 quam
1467 1809 1634 1850 natura
1662 1806 1711 1850 in
1742 1807 2021 1863 syllabarum
2051 1823 2190 1855 enun-

370 1864 566 1907 tiatione
597 1864 810 1920 protulit,
843 1878 980 1921 posse
1010 1866 1210 1920 aliquam
1241 1864 1452 1920 reperiri,

536 1944 635 1987 60A.
699 1943 822 1987 Acro
856 1945 914 1987 ad.
934 1945 1094 1988 Horat.
1118 1948 1201 1988 art.
1223 1947 1348 2001 poet.
1367 1945 1478 1988 202:
1509 1945 1695 1989 Varro
1731 1945 1818 1989 ait
1846 1944 1897 1988 in
1928 1946 2192 1990 tertio'dis·

372 2001 644 2059 eiplinarum
677 2006 724 2046 et
756 2003 823 2047 ad
857 2003 1200 2048 Marcellum
1231 2036 1242 2046 .
1277 2038 1286 2047 .
1320 2036 1329 2047 .
1361 2004 1727 2050 foraminum.
1790 2018 1930 2059 quare
1966 2008 2193 2063 quaterna

375 2063 557 2104 tantum
588 2062 815 2105 foramina
846 2063 1059 2118 antiquae
1090 2063 1232 2106 tibiae
1279 2062 1553 2106 habuerunt.
1617 2062 1695 2105 alii
1740 2062 1901 2106 dicunt
1943 2078 2038 2108 non
2086 2063 2190 2121 plus

373 2134 510 2175 quam
542 2121 645 2164 tria.
713 2122 883 2165 Comm.
917 2120 1090 2177 Oruqui
1121 2121 1180 2164 ad
1211 2122 1340 2165 h.u.:
1373 2121 1564 2164 Varro
1595 2121 1645 2164 in
1675 2121 1817 2165 tertio
1846 2121 2193 2178 disciplinarum

373 2190 411 2222 et
447 2180 507 2223 ad
534 2180 805 2224 Marcellum
838 2179 895 2224 de
928 2181 1087 2237 lingua
1120 2180 1264 2224 latina
1310 2183 1527 2235 quattuor
1566 2179 1843 2225 foraminum
1878 2180 2019 2227 fuisse
2053 2182 2194 2232 tibias

373 2239 738 2296 apud'antiquos
771 2240 849 2295 ait,
884 2243 931 2283 et
966 2254 1014 2283 se
1046 2241 1198 2296 ipsum
1228 2237 1277 2282 in
1310 2238 1521 2294 Marsyae
1557 2239 1731 2295 templo
1750 2252 1824 2282 eas
1847 2238 2020 2284 uidisse
2036 2240 2192 2285 refert.

538 2319 638 2363 601³.
701 2319 828 2363 Seru.
862 2320 920 2363 ad
950 2321 1086 2377 Verg.
1121 2320 1235 2362 Aen.
1253 2319 1386 2362 va
1416 2319 1524 2362 618:
1558 2319 1719 2363 Tibiae
1751 2322 1831 2362 aut
1875 2333 2087 2364 serranae
2129 2320 2195 2364 di-

377 2380 559 2432 cuntur,
592 2393 707 2433 quae
741 2383 847 2422 sunt
877 2394 1012 2435 pares
1048 2383 1095 2422 et
1129 2379 1340 2434 aequales
1369 2378 1542 2421 habent
1575 2392 1810 2434 canet-nael,
1841 2382 1922 2422 aut
1951 2379 2194 2436 Phrygiae,

375 2450 490 2491 quae
521 2441 568 2480 et
598 2439 798 2494 impares
829 2443 938 2482 sunt
968 2441 1015 2481 et
1047 2438 1312 2493 inaequales
1331 2437 1507 2480 habent
1525 2451 1745 2481 cauernae
1783 2469 1822 2480 ..
1848 2467 1857 2477 .
1892 2440 1947 2482 ut
1976 2439 2097 2483 enim
2129 2439 2196 2485 ait

374 2495 545 2539 Varro:
577 2497 738 2540 tibia
768 2496 1031 2553 Phrygia
1063 2530 1072 2540 .
1106 2531 1115 2540 .
1154 2531 1162 2541 .
1197 2497 1447 2540 alterum
1481 2510 1736 2553 grauem.
1983 2511 1985 2513 ·

541 2575 612 2619 61.
676 2576 789 2620 Gell.
821 2576 972 2620 XVIII
1000 2576 1071 2630 12,
1091 2576 1138 2619 1:
1169 2575 1223 2618 Id
1258 2589 1437 2631 quoque
1466 2575 1677 2618 habitum
1708 2579 1782 2619 est
1810 2575 1858 2619 in
1890 2575 2100 2620 oratione
2130 2575 2196 2620 fa-

376 2634 540 2678 cienda
571 2635 827 2692 elegantiae
855 2650 1014 2692 genus,
1061 2638 1114 2678 ut
1151 2648 1236 2690 pro
1268 2634 1422 2678 uerbis
1451 2634 1729 2678 habentibus
1765 2632 1973 2691 patiendi
2001 2633 2197 2692 figuram

377 2695 562 2749 agentia
590 2698 822 2750 ponerent
856 2708 910 2738 ao
942 2694 1107 2737 deinde
1137 2694 1250 2737 haec
1280 2693 1383 2737 uice
1413 2694 1536 2736 inter
1568 2707 1666 2737 sese
1697 2699 1856 2737 mutua
1871 2695 2110 2737 uerterent
2129 2726 2139 2736 .
2160 2726 2170 2737 .

377 2752 526 2796 Varro
560 2753 691 2796 libris
724 2768 837 2809 quos
870 2753 929 2796 ad
959 2753 1230 2797 Marcellum
1276 2752 1332 2795 de
1373 2752 1531 2808 lingua
1557 2752 1702 2795 latina
1735 2752 1868 2796 fecit:
1900 2751 1961 2794 in
1990 2751 2196 2808 priore

421 2845 429 2854 .
464 2846 472 2853 .
508 2812 780 2867 reliquae
809 2815 1043 2855 mutant
1074 2812 1225 2866 inquit
1259 2810 1599 2867 elegantissime
1631 2824 1717 2866 pro
1751 2812 2001 2853 mutantur.

542 2883 612 2927 62.
676 2884 790 2929 Gell.
803 2883 908 2929 XVI
931 2883 1002 2940 12,
1036 2883 1084 2926 1:
1135 2883 1336 2927 Cloatius
1366 2882 1515 2927 Verus
1546 2882 1596 2925 in
1625 2882 1770 2938 libris,
1814 2897 1928 2938 quos
1956 2881 2197 2941 inscripsit

547 3061 570 3104 1
611 3056 833 3104 rithmihi
870 3054 1174 3119 temporibus
1209 3054 1408 3116 syllabis
1435 3053 1587 3109 13114
1625 3054 1771 3102 tibias
1816 3070 1904 3104 om.
1930 3053 1981 3102 P
2010 3079 2059 3099 =
2094 3056 2197 3104 cod.

381 3128 539 3176 Paris.
578 3129 711 3175 7975
745 3141 868 3175 saec.
906 3126 995 3173 XI
1038 3126 1174 3173 cuius
1213 3124 1454 3182 Alfredus
1490 3125 1742 3173 Holderus
1784 3139 1965 3173 meeum
1997 3139 2199 3173 commu-

378 3200 560 3247 nioauit
585 3198 807 3245 lectiones
829 3197 853 3253 ΙΙ
877 3197 1123 3258 antiquos.
1165 3188 1203 3243 δὲ
1242 3194 1365 3241 Nam
1401 3194 1500 3239 &si
1534 3194 1695 3256 ipsum
1732 3191 1822 3250 Pu
1861 3194 1889 3240 6
1927 3195 1979 3240 in
2013 3193 2197 3255 templo

378 3268 589 3315 Marsiae
624 3265 844 3327 Paulyus
862 3266 991 3327 woly.
1029 3265 1080 3311 in
1114 3266 1322 3313 marsiae
1359 3257 1960 3326 temploPu·1111·P116
2000 3261 2200 3324 phrigia

379 3339 481 3387 cod.
522 3337 847 3398 Regin-1674
882 3350 1004 3383 saec.
1031 3332 1083 3381 X
1115 3335 1261 3397 frigia
1300 3333 1400 3381 cod.
1419 3333 1584 3380 Paris.
1604 3335 1744 3382 7929
1776 3346 1899 3380 saec.
1929 3331 1983 3379 X
2001 3335 2025 3387 Η
2054 3332 2116 3378 10
2140 3332 2200 3380 de

380 3409 518 3457 codd.
537 3407 640 3455 uid.
674 3407 837 3455 adnot.
860 3406 926 3453 ad
956 3405 1026 3463 fr.
1045 3407 1112 3453 36
1146 3406 1392 3453 fenerator
1409 3402 1512 3450 LV
1530 3404 1555 3460 Η
1579 3403 1723 3449 sicuti
1749 3402 1790 3451 V
1817 3403 1893 3448 uti
1926 3400 1976 3449 L
1998 3401 2022 3457 Η
2045 3400 2198 3450 tercio

380 3478 429 3526 L
452 3479 476 3535 Η
504 3480 562 3525 11
605 3476 756 3523 latine
795 3475 844 3523 L
866 3479 890 3532 Η
912 3475 1109 3522 foenore
1143 3476 1192 3524 L
1223 3476 1388 3523 fenore
1419 3466 1507 3536 Vn
1563 3475 1637 3520 est
1667 3472 1714 3521 V
1744 3486 1847 3519 esse
1882 3471 1931 3519 L
1953 3471 1978 3528 ΙΙ
1998 3469 2201 3539 fenusL

374 3548 513 3596 fenus
556 3546 599 3594 V
620 3548 644 3603 Η
