<?xml version="1.0" encoding="UTF-8"?>
<!DOCTYPE html PUBLIC "-//W3C//DTD XHTML 1.0 Transitional//EN"
    "http://www.w3.org/TR/xhtml1/DTD/xhtml1-transitional.dtd">
<html xmlns="http://www.w3.org/1999/xhtml" xml:lang="en" lang="en">
 <head>
  <title>
</title>
<meta http-equiv="Content-Type" content="text/html;charset=utf-8" />
  <meta name='ocr-system' content='tesseract 3.04.00' />
  <meta name='ocr-capabilities' content='ocr_page ocr_carea ocr_par ocr_line ocrx_word'/>
</head>
<body>
  <div class='ocr_page' id='page_1' title='image "./demterentivarron00wilmuoft_0016.png"; bbox 0 0 2236 4030; ppageno 0'>
   <div class='ocr_carea' id='block_1_1' title="bbox 1226 331 1258 376">
    <p class='ocr_par' dir='ltr' id='par_1_1' title="bbox 1226 331 1258 376">
     <span class='ocr_line' id='line_1_1' title="bbox 1226 331 1258 376; baseline 0 0"><span class='ocrx_word' id='word_1_1' title='bbox 1226 331 1258 376; x_wconf 85' lang='lat'>4</span> 
     </span>
    </p>
   </div>
   <div class='ocr_carea' id='block_1_2' title="bbox 331 473 2159 2268">
    <p class='ocr_par' dir='ltr' id='par_1_2' title="bbox 331 473 2159 2268">
     <span class='ocr_line' id='line_1_2' title="bbox 345 473 2159 550; baseline -0.003 -16"><span class='ocrx_word' id='word_1_2' title='bbox 345 481 455 550; x_wconf 84' lang='lat' dir='ltr'>al.),</span> <span class='ocrx_word' id='word_1_3' title='bbox 493 478 790 549; x_wconf 84' lang='lat' dir='ltr'>Dionysius</span> <span class='ocrx_word' id='word_1_4' title='bbox 829 477 1029 545; x_wconf 77' lang='lat' dir='ltr'>Thrax,</span> <span class='ocrx_word' id='word_1_5' title='bbox 1066 476 1153 528; x_wconf 90' lang='lat' dir='ltr'>hic</span> <span class='ocrx_word' id='word_1_6' title='bbox 1197 492 1409 544; x_wconf 89' lang='lat' dir='ltr'>quoque</span> <span class='ocrx_word' id='word_1_7' title='bbox 1446 473 1767 528; x_wconf 78' lang='lat' dir='ltr'><strong>Aristarcho</strong></span> <span class='ocrx_word' id='word_1_8' title='bbox 1806 481 2159 548; x_wconf 77' lang='lat' dir='ltr'>praeceptore</span> 
     </span>
     <span class='ocr_line' id='line_1_3' title="bbox 343 563 2158 637; baseline -0.004 -13"><span class='ocrx_word' id='word_1_9' title='bbox 343 590 469 624; x_wconf 88' lang='lat' dir='ltr'>usus</span> <span class='ocrx_word' id='word_1_10' title='bbox 506 571 594 637; x_wconf 87' lang='lat' dir='ltr'>(cf.</span> <span class='ocrx_word' id='word_1_11' title='bbox 633 570 704 623; x_wconf 91' lang='lat' dir='ltr'>M.</span> <span class='ocrx_word' id='word_1_12' title='bbox 746 567 995 624; x_wconf 79' lang='lat' dir='ltr'><strong>Schmidt</strong></span> <span class='ocrx_word' id='word_1_13' title='bbox 1041 565 1229 637; x_wconf 88' lang='lat' dir='ltr'>philol.</span> <span class='ocrx_word' id='word_1_14' title='bbox 1267 565 1385 618; x_wconf 86' lang='lat' dir='ltr'>VH</span> <span class='ocrx_word' id='word_1_15' title='bbox 1419 583 1469 635; x_wconf 93' lang='lat' dir='ltr'>p.</span> <span class='ocrx_word' id='word_1_16' title='bbox 1491 563 1594 616; x_wconf 81' lang='lat'>366</span> <span class='ocrx_word' id='word_1_17' title='bbox 1613 566 1718 634; x_wconf 87' lang='lat' dir='ltr'>sq.)</span> <span class='ocrx_word' id='word_1_18' title='bbox 1760 563 1946 632; x_wconf 80' lang='grc' dir='ltr'><em>τέχνην</em></span> <span class='ocrx_word' id='word_1_19' title='bbox 1979 583 2158 633; x_wconf 76' lang='grc' dir='ltr'><em>γραμ-</em></span> 
     </span>
     <span class='ocr_line' id='line_1_4' title="bbox 343 654 2158 731; baseline 0.001 -22"><span class='ocrx_word' id='word_1_20' title='bbox 343 659 578 725; x_wconf 78' lang='grc' dir='ltr'><em>ματικήν.</em></span> <span class='ocrx_word' id='word_1_21' title='bbox 619 658 806 731; x_wconf 85' lang='lat' dir='ltr'>primis</span> <span class='ocrx_word' id='word_1_22' title='bbox 843 657 1000 710; x_wconf 88' lang='lat' dir='ltr'>lineis</span> <span class='ocrx_word' id='word_1_23' title='bbox 1040 655 1213 708; x_wconf 88' lang='lat' dir='ltr'>ductis</span> <span class='ocrx_word' id='word_1_24' title='bbox 1252 654 1429 708; x_wconf 90' lang='lat' dir='ltr'>uarios</span> <span class='ocrx_word' id='word_1_25' title='bbox 1461 661 1647 724; x_wconf 88' lang='lat' dir='ltr'>poetas</span> <span class='ocrx_word' id='word_1_26' title='bbox 1691 661 1745 707; x_wconf 89' lang='lat' dir='ltr'>et</span> <span class='ocrx_word' id='word_1_27' title='bbox 1781 655 2039 711; x_wconf 76' lang='lat' dir='ltr'>dialectos</span> <span class='ocrx_word' id='word_1_28' title='bbox 2082 656 2158 711; x_wconf 89' lang='lat' dir='ltr'>di-</span> 
     </span>
     <span class='ocr_line' id='line_1_5' title="bbox 341 745 2157 822; baseline -0.003 -16"><span class='ocrx_word' id='word_1_29' title='bbox 341 771 524 807; x_wconf 84' lang='lat' dir='ltr'>uersas</span> <span class='ocrx_word' id='word_1_30' title='bbox 561 750 956 822; x_wconf 87' lang='lat' dir='ltr'>percensebant</span> <span class='ocrx_word' id='word_1_31' title='bbox 993 754 1046 799; x_wconf 90' lang='lat' dir='ltr'>et</span> <span class='ocrx_word' id='word_1_32' title='bbox 1080 747 1370 798; x_wconf 86' lang='lat' dir='ltr'>uerborum</span> <span class='ocrx_word' id='word_1_33' title='bbox 1409 745 1608 798; x_wconf 81' lang='lat' dir='ltr'>classes</span> <span class='ocrx_word' id='word_1_34' title='bbox 1640 745 2009 816; x_wconf 84' lang='lat' dir='ltr'>loquendique</span> <span class='ocrx_word' id='word_1_35' title='bbox 2049 748 2157 807; x_wconf 81' lang='lat' dir='ltr'>for-</span> 
     </span>
     <span class='ocr_line' id='line_1_6' title="bbox 341 835 2154 911; baseline -0.003 -15"><span class='ocrx_word' id='word_1_36' title='bbox 341 844 511 896; x_wconf 88' lang='lat' dir='ltr'>mulas</span> <span class='ocrx_word' id='word_1_37' title='bbox 551 839 806 911; x_wconf 89' lang='lat' dir='ltr'>separatis</span> <span class='ocrx_word' id='word_1_38' title='bbox 844 838 994 890; x_wconf 91' lang='lat' dir='ltr'>libris</span> <span class='ocrx_word' id='word_1_39' title='bbox 1026 835 1368 907; x_wconf 82' lang='lat' dir='ltr'>explicabant</span> <span class='ocrx_word' id='word_1_40' title='bbox 1395 835 1842 905; x_wconf 85' lang='lat' dir='ltr'>subtilioremque</span> <span class='ocrx_word' id='word_1_41' title='bbox 1869 836 1944 891; x_wconf 82' lang='lat' dir='ltr'>ita</span> <span class='ocrx_word' id='word_1_42' title='bbox 1969 843 2024 890; x_wconf 83' lang='lat' dir='ltr'>et</span> <span class='ocrx_word' id='word_1_43' title='bbox 2042 854 2154 891; x_wconf 87' lang='lat' dir='ltr'>cer·</span> 
     </span>
     <span class='ocr_line' id='line_1_7' title="bbox 340 926 2156 1000; baseline -0.003 -14"><span class='ocrx_word' id='word_1_44' title='bbox 340 934 533 986; x_wconf 86' lang='lat' dir='ltr'>tiorem</span> <span class='ocrx_word' id='word_1_45' title='bbox 598 930 888 984; x_wconf 86' lang='lat' dir='ltr'>earundem</span> <span class='ocrx_word' id='word_1_46' title='bbox 949 926 1321 996; x_wconf 74' lang='lat' dir='ltr'>quaestionum</span> <span class='ocrx_word' id='word_1_47' title='bbox 1386 926 1758 979; x_wconf 81' lang='lat' dir='ltr'>tractationem</span> <span class='ocrx_word' id='word_1_48' title='bbox 1812 926 2156 1000; x_wconf 84' lang='lat' dir='ltr'>incipiebant,</span> 
     </span>
     <span class='ocr_line' id='line_1_8' title="bbox 341 1016 2158 1095; baseline -0.002 -20"><span class='ocrx_word' id='word_1_49' title='bbox 341 1042 500 1095; x_wconf 90' lang='lat' dir='ltr'>quam</span> <span class='ocrx_word' id='word_1_50' title='bbox 533 1021 755 1073; x_wconf 89' lang='lat' dir='ltr'>adsidua</span> <span class='ocrx_word' id='word_1_51' title='bbox 790 1019 1110 1089; x_wconf 89' lang='lat' dir='ltr'>scriptorum</span> <span class='ocrx_word' id='word_1_52' title='bbox 1134 1016 1597 1088; x_wconf 85' lang='lat' dir='ltr'>peruestigatione</span> <span class='ocrx_word' id='word_1_53' title='bbox 1624 1017 1956 1091; x_wconf 77' lang='lat' dir='ltr'>amplificare</span> <span class='ocrx_word' id='word_1_54' title='bbox 1980 1018 2158 1071; x_wconf 84' lang='lat' dir='ltr'>stude-</span> 
     </span>
     <span class='ocr_line' id='line_1_9' title="bbox 338 1107 2157 1183; baseline -0.003 -18"><span class='ocrx_word' id='word_1_55' title='bbox 338 1114 478 1165; x_wconf 88' lang='lat' dir='ltr'>bant.</span> <span class='ocrx_word' id='word_1_56' title='bbox 515 1118 786 1183; x_wconf 90' lang='lat' dir='ltr'>postremo</span> <span class='ocrx_word' id='word_1_57' title='bbox 821 1116 879 1161; x_wconf 92' lang='lat' dir='ltr'>ut</span> <span class='ocrx_word' id='word_1_58' title='bbox 911 1108 991 1161; x_wconf 90' lang='lat' dir='ltr'>rei</span> <span class='ocrx_word' id='word_1_59' title='bbox 1016 1115 1205 1160; x_wconf 91' lang='lat' dir='ltr'>natura</span> <span class='ocrx_word' id='word_1_60' title='bbox 1226 1108 1450 1174; x_wconf 82' lang='lat' dir='ltr'>ferebat,</span> <span class='ocrx_word' id='word_1_61' title='bbox 1490 1108 1747 1176; x_wconf 84' lang='lat' dir='ltr'>syntaxin</span> <span class='ocrx_word' id='word_1_62' title='bbox 1765 1107 2010 1178; x_wconf 82' lang='lat' dir='ltr'>adgressi</span> <span class='ocrx_word' id='word_1_63' title='bbox 2033 1115 2157 1167; x_wconf 74' lang='lat' dir='ltr'>sunt</span> 
     </span>
     <span class='ocr_line' id='line_1_10' title="bbox 337 1198 2157 1272; baseline -0.001 -17"><span class='ocrx_word' id='word_1_64' title='bbox 337 1220 514 1272; x_wconf 91' lang='lat' dir='ltr'>neque</span> <span class='ocrx_word' id='word_1_65' title='bbox 562 1209 685 1254; x_wconf 89' lang='lat' dir='ltr'>ante</span> <span class='ocrx_word' id='word_1_66' title='bbox 736 1218 994 1270; x_wconf 82' lang='lat' dir='ltr'>magnum</span> <span class='ocrx_word' id='word_1_67' title='bbox 1030 1198 1390 1268; x_wconf 90' lang='lat' dir='ltr'>Apollonium</span> <span class='ocrx_word' id='word_1_68' title='bbox 1445 1199 1728 1270; x_wconf 86' lang='lat' dir='ltr'>quisquam</span> <span class='ocrx_word' id='word_1_69' title='bbox 1780 1206 2157 1270; x_wconf 57' lang='lat' dir='ltr'>totum.a1v;gu·.</span> 
     </span>
     <span class='ocr_line' id='line_1_11' title="bbox 337 1289 2158 1363; baseline -0.002 -17"><span class='ocrx_word' id='word_1_70' title='bbox 337 1301 579 1346; x_wconf 88' lang='lat' dir='ltr'>mentum</span> <span class='ocrx_word' id='word_1_71' title='bbox 617 1291 911 1363; x_wconf 81' lang='lat' dir='ltr'>conplexus</span> <span class='ocrx_word' id='word_1_72' title='bbox 962 1298 1059 1343; x_wconf 86' lang='lat' dir='ltr'>est.</span> <span class='ocrx_word' id='word_1_73' title='bbox 1114 1309 1240 1342; x_wconf 88' lang='lat' dir='ltr'>nam</span> <span class='ocrx_word' id='word_1_74' title='bbox 1282 1289 1561 1361; x_wconf 69' lang='lat' dir='ltr'>Tryphon„</span> <span class='ocrx_word' id='word_1_75' title='bbox 1589 1290 1809 1362; x_wconf 80' lang='lat' dir='ltr'>eiusque</span> <span class='ocrx_word' id='word_1_76' title='bbox 1860 1289 2158 1361; x_wconf 83' lang='lat' dir='ltr'>discipulus</span> 
     </span>
     <span class='ocr_line' id='line_1_12' title="bbox 336 1380 2157 1453; baseline -0.001 -16"><span class='ocrx_word' id='word_1_77' title='bbox 336 1383 578 1452; x_wconf 82' lang='lat' dir='ltr'>Habr0n‚</span> <span class='ocrx_word' id='word_1_78' title='bbox 611 1391 837 1453; x_wconf 90' lang='lat' dir='ltr'>uterque</span> <span class='ocrx_word' id='word_1_79' title='bbox 876 1382 942 1434; x_wconf 88' lang='lat' dir='ltr'>ab</span> <span class='ocrx_word' id='word_1_80' title='bbox 964 1381 1261 1452; x_wconf 86' lang='lat' dir='ltr'>Apollonio</span> <span class='ocrx_word' id='word_1_81' title='bbox 1305 1380 1450 1434; x_wconf 90' lang='lat' dir='ltr'>haud</span> <span class='ocrx_word' id='word_1_82' title='bbox 1490 1398 1614 1434; x_wconf 90' lang='lat' dir='ltr'>raro</span> <span class='ocrx_word' id='word_1_83' title='bbox 1651 1381 1901 1438; x_wconf 84' lang='lat' dir='ltr'>laudatus</span> <span class='ocrx_word' id='word_1_84' title='bbox 1935 1381 2028 1434; x_wconf 82' lang='lat' dir='ltr'>uel</span> <span class='ocrx_word' id='word_1_85' title='bbox 2064 1399 2157 1451; x_wconf 88' lang='lat' dir='ltr'>po·</span> 
     </span>
     <span class='ocr_line' id='line_1_13' title="bbox 336 1469 2159 1545; baseline 0 -22"><span class='ocrx_word' id='word_1_86' title='bbox 336 1472 439 1525; x_wconf 86' lang='lat' dir='ltr'>tius</span> <span class='ocrx_word' id='word_1_87' title='bbox 477 1473 820 1543; x_wconf 77' lang='lat' dir='ltr'>inpugnatuS‚</span> <span class='ocrx_word' id='word_1_88' title='bbox 875 1489 1101 1542; x_wconf 89' lang='lat' dir='ltr'>quorum</span> <span class='ocrx_word' id='word_1_89' title='bbox 1153 1469 1248 1522; x_wconf 89' lang='lat' dir='ltr'>ille</span> <span class='ocrx_word' id='word_1_90' title='bbox 1288 1469 1550 1524; x_wconf 87' lang='lat' dir='ltr'>Varronis</span> <span class='ocrx_word' id='word_1_91' title='bbox 1602 1470 1719 1526; x_wconf 87' lang='lat' dir='ltr'>fere</span> <span class='ocrx_word' id='word_1_92' title='bbox 1755 1470 2013 1545; x_wconf 78' lang='lat' dir='ltr'>aequalis·</span> <span class='ocrx_word' id='word_1_93' title='bbox 2044 1479 2159 1525; x_wconf 82' lang='lat' dir='ltr'>crat</span> 
     </span>
     <span class='ocr_line' id='line_1_14' title="bbox 338 1560 2159 1632; baseline 0 -17"><span class='ocrx_word' id='word_1_94' title='bbox 338 1563 429 1631; x_wconf 87' lang='lat' dir='ltr'>(cf.</span> <span class='ocrx_word' id='word_1_95' title='bbox 468 1563 538 1615; x_wconf 90' lang='lat' dir='ltr'>A.</span> <span class='ocrx_word' id='word_1_96' title='bbox 578 1562 643 1614; x_wconf 90' lang='lat' dir='ltr'>de</span> <span class='ocrx_word' id='word_1_97' title='bbox 681 1562 884 1613; x_wconf 83' lang='lat' dir='ltr'>Velsen</span> <span class='ocrx_word' id='word_1_98' title='bbox 917 1560 1124 1630; x_wconf 85' lang='lat' dir='ltr'>Tryph.</span> <span class='ocrx_word' id='word_1_99' title='bbox 1145 1578 1376 1629; x_wconf 83' lang='lat' dir='ltr'>gramm.</span> <span class='ocrx_word' id='word_1_100' title='bbox 1401 1562 1596 1632; x_wconf 82' lang='lat' dir='ltr'>fragm.</span> <span class='ocrx_word' id='word_1_101' title='bbox 1635 1561 2159 1632; x_wconf 65' lang='lat' dir='ltr'>p.;1.33)-n0n.nisi</span> 
     </span>
     <span class='ocr_line' id='line_1_15' title="bbox 338 1651 2156 1724; baseline -0.001 -19"><span class='ocrx_word' id='word_1_102' title='bbox 338 1653 403 1705; x_wconf 90' lang='lat' dir='ltr'>de</span> <span class='ocrx_word' id='word_1_103' title='bbox 431 1653 765 1723; x_wconf 84' lang='lat' dir='ltr'>singularum</span> <span class='ocrx_word' id='word_1_104' title='bbox 804 1651 1063 1704; x_wconf 90' lang='lat' dir='ltr'>orationis</span> <span class='ocrx_word' id='word_1_105' title='bbox 1101 1652 1335 1724; x_wconf 86' lang='lat' dir='ltr'>partium</span> <span class='ocrx_word' id='word_1_106' title='bbox 1366 1652 1769 1710; x_wconf 88' lang='lat' dir='ltr'>constructione</span> <span class='ocrx_word' id='word_1_107' title='bbox 1794 1652 2156 1724; x_wconf 72' lang='lat' dir='ltr'>scripserunt:</span> 
     </span>
     <span class='ocr_line' id='line_1_16' title="bbox 335 1743 2156 1815; baseline 0 -19"><span class='ocrx_word' id='word_1_108' title='bbox 335 1743 599 1815; x_wconf 81' lang='lat' dir='ltr'>Tryphon</span> <span class='ocrx_word' id='word_1_109' title='bbox 637 1744 703 1796; x_wconf 91' lang='lat' dir='ltr'>de</span> <span class='ocrx_word' id='word_1_110' title='bbox 745 1744 984 1796; x_wconf 81' lang='lat' dir='ltr'>articulis</span> <span class='ocrx_word' id='word_1_111' title='bbox 1025 1743 1296 1796; x_wconf 86' lang='lat' dir='ltr'>aduerbiis</span> <span class='ocrx_word' id='word_1_112' title='bbox 1341 1743 1808 1797; x_wconf 87' lang='lat' dir='ltr'>coniunctionibus</span> <span class='ocrx_word' id='word_1_113' title='bbox 1859 1743 2156 1815; x_wconf 84' lang='lat' dir='ltr'>participiis</span> 
     </span>
     <span class='ocr_line' id='line_1_17' title="bbox 334 1834 2159 1908; baseline 0 -22"><span class='ocrx_word' id='word_1_114' title='bbox 334 1834 824 1906; x_wconf 85' lang='lat' dir='ltr'>praepositionibus</span> <span class='ocrx_word' id='word_1_115' title='bbox 860 1834 1272 1905; x_wconf 88' lang='lat' dir='ltr'>pronominibus</span> <span class='ocrx_word' id='word_1_116' title='bbox 1309 1835 1636 1906; x_wconf 79' lang='lat' dir='ltr'>personis1),</span> <span class='ocrx_word' id='word_1_117' title='bbox 1673 1834 1902 1908; x_wconf 76' lang='lat' dir='ltr'>Habron</span> <span class='ocrx_word' id='word_1_118' title='bbox 1937 1834 2004 1903; x_wconf 80' lang='lat' dir='ltr'>de</span> <span class='ocrx_word' id='word_1_119' title='bbox 2038 1852 2159 1906; x_wconf 92' lang='lat' dir='ltr'>pro-</span> 
     </span>
     <span class='ocr_line' id='line_1_18' title="bbox 334 1906 2156 1996; baseline -0.001 -18"><span class='ocrx_word' id='word_1_120' title='bbox 334 1926 551 1978; x_wconf 90' lang='lat' dir='ltr'>nomine</span> <span class='ocrx_word' id='word_1_121' title='bbox 592 1926 801 1996; x_wconf 78' lang='lat' dir='ltr'>&lt;Apoll.</span> <span class='ocrx_word' id='word_1_122' title='bbox 843 1925 910 1978; x_wconf 90' lang='lat' dir='ltr'>de</span> <span class='ocrx_word' id='word_1_123' title='bbox 948 1934 1089 1995; x_wconf 84' lang='lat' dir='ltr'>synt.</span> <span class='ocrx_word' id='word_1_124' title='bbox 1129 1945 1182 1996; x_wconf 93' lang='lat' dir='ltr'>p.</span> <span class='ocrx_word' id='word_1_125' title='bbox 1203 1925 1285 1978; x_wconf 83' lang='lat'>60.</span> <span class='ocrx_word' id='word_1_126' title='bbox 1308 1923 1412 1992; x_wconf 89' lang='grc' dir='ltr'><strong>Β.).</strong></span> <span class='ocrx_word' id='word_1_127' title='bbox 1497 1924 1587 1978; x_wconf 90' lang='lat' dir='ltr'>Ab</span> <span class='ocrx_word' id='word_1_128' title='bbox 1627 1906 2029 1986; x_wconf 81' lang='lat' dir='ltr'>Alexandrinis</span> <span class='ocrx_word' id='word_1_129' title='bbox 2054 1924 2156 1996; x_wconf 84' lang='lat' dir='ltr'>igi-</span> 
     </span>
     <span class='ocr_line' id='line_1_19' title="bbox 333 2015 2156 2087; baseline 0 -19"><span class='ocrx_word' id='word_1_130' title='bbox 333 2024 418 2074; x_wconf 86' lang='lat' dir='ltr'>tur</span> <span class='ocrx_word' id='word_1_131' title='bbox 440 2016 804 2086; x_wconf 83' lang='lat' dir='ltr'>grammaticis</span> <span class='ocrx_word' id='word_1_132' title='bbox 823 2015 1015 2084; x_wconf 74' lang='lat' dir='ltr'>VarrO,</span> <span class='ocrx_word' id='word_1_133' title='bbox 1055 2034 1283 2087; x_wconf 90' lang='lat' dir='ltr'>quorum</span> <span class='ocrx_word' id='word_1_134' title='bbox 1323 2034 1488 2087; x_wconf 90' lang='lat' dir='ltr'>opera</span> <span class='ocrx_word' id='word_1_135' title='bbox 1526 2033 1649 2068; x_wconf 91' lang='lat' dir='ltr'>eum</span> <span class='ocrx_word' id='word_1_136' title='bbox 1686 2015 1980 2086; x_wconf 82' lang='lat' dir='ltr'>diligenter</span> <span class='ocrx_word' id='word_1_137' title='bbox 2018 2022 2156 2068; x_wconf 89' lang='lat' dir='ltr'>trac-</span> 
     </span>
     <span class='ocr_line' id='line_1_20' title="bbox 332 2106 2157 2180; baseline 0.001 -22"><span class='ocrx_word' id='word_1_138' title='bbox 332 2115 474 2162; x_wconf 86' lang='lat' dir='ltr'>tasse</span> <span class='ocrx_word' id='word_1_139' title='bbox 510 2115 774 2160; x_wconf 85' lang='lat' dir='ltr'>testantur</span> <span class='ocrx_word' id='word_1_140' title='bbox 812 2108 941 2160; x_wconf 89' lang='lat' dir='ltr'>libri</span> <span class='ocrx_word' id='word_1_141' title='bbox 981 2107 1047 2159; x_wconf 91' lang='lat' dir='ltr'>de</span> <span class='ocrx_word' id='word_1_142' title='bbox 1085 2107 1274 2177; x_wconf 84' lang='lat' dir='ltr'>lingua</span> <span class='ocrx_word' id='word_1_143' title='bbox 1309 2106 1492 2175; x_wconf 83' lang='lat' dir='ltr'>latina,</span> <span class='ocrx_word' id='word_1_144' title='bbox 1528 2108 1620 2178; x_wconf 89' lang='lat' dir='ltr'>qui</span> <span class='ocrx_word' id='word_1_145' title='bbox 1661 2107 1728 2160; x_wconf 85' lang='lat' dir='ltr'>ad</span> <span class='ocrx_word' id='word_1_146' title='bbox 1769 2126 1868 2161; x_wconf 88' lang='lat' dir='ltr'>nos</span> <span class='ocrx_word' id='word_1_147' title='bbox 1895 2124 2157 2180; x_wconf 79' lang='lat' dir='ltr'>peruene—</span> 
     </span>
     <span class='ocr_line' id='line_1_21' title="bbox 331 2197 2156 2268; baseline -0.001 -19"><span class='ocrx_word' id='word_1_148' title='bbox 331 2206 473 2265; x_wconf 83' lang='lat' dir='ltr'>runt,</span> <span class='ocrx_word' id='word_1_149' title='bbox 527 2216 629 2251; x_wconf 90' lang='lat' dir='ltr'>nec</span> <span class='ocrx_word' id='word_1_150' title='bbox 677 2198 957 2251; x_wconf 84' lang='lat' dir='ltr'>consilium</span> <span class='ocrx_word' id='word_1_151' title='bbox 994 2216 1169 2268; x_wconf 89' lang='lat' dir='ltr'>neque</span> <span class='ocrx_word' id='word_1_152' title='bbox 1208 2205 1585 2268; x_wconf 83' lang='lat' dir='ltr'>argumentum</span> <span class='ocrx_word' id='word_1_153' title='bbox 1627 2197 1874 2267; x_wconf 84' lang='lat' dir='ltr'>syntaxis</span> <span class='ocrx_word' id='word_1_154' title='bbox 1913 2198 2040 2250; x_wconf 72' lang='lat' dir='ltr'>suae</span> <span class='ocrx_word' id='word_1_155' title='bbox 2075 2214 2156 2248; x_wconf 90' lang='lat' dir='ltr'>re-</span> 
     </span>
    </p>
   </div>
   <div class='ocr_carea' id='block_1_3' title="bbox 335 2349 665 2357">
    <p class='ocr_par' dir='ltr' id='par_1_3' title="bbox 335 2349 665 2357">
     <span class='ocr_line' id='line_1_22' title="bbox 335 2349 665 2357; baseline 0 1673"><span class='ocrx_word' id='word_1_156' title='bbox 335 2349 665 2357; x_wconf 95' lang='lat' dir='ltr'> </span> 
     </span>
    </p>
   </div>
   <div class='ocr_carea' id='block_1_4' title="bbox 327 2433 2157 3616">
    <p class='ocr_par' dir='ltr' id='par_1_4' title="bbox 327 2433 2157 3616">
     <span class='ocr_line' id='line_1_23' title="bbox 498 2433 2157 2492; baseline 0.001 -15"><span class='ocrx_word' id='word_1_157' title='bbox 498 2436 542 2490; x_wconf 74' lang='lat'>1)</span> <span class='ocrx_word' id='word_1_158' title='bbox 574 2436 643 2478; x_wconf 90' lang='lat' dir='ltr'>De</span> <span class='ocrx_word' id='word_1_159' title='bbox 686 2435 877 2492; x_wconf 80' lang='lat' dir='ltr'>singulis</span> <span class='ocrx_word' id='word_1_160' title='bbox 909 2435 1169 2492; x_wconf 84' lang='lat' dir='ltr'>Tryphonis</span> <span class='ocrx_word' id='word_1_161' title='bbox 1211 2435 1342 2479; x_wconf 87' lang='lat' dir='ltr'>libris</span> <span class='ocrx_word' id='word_1_162' title='bbox 1383 2439 1511 2480; x_wconf 89' lang='lat' dir='ltr'>recte</span> <span class='ocrx_word' id='word_1_163' title='bbox 1554 2434 1780 2479; x_wconf 86' lang='lat' dir='ltr'>iudicauit</span> <span class='ocrx_word' id='word_1_164' title='bbox 1808 2433 1862 2478; x_wconf 88' lang='lat' dir='ltr'>A.</span> <span class='ocrx_word' id='word_1_165' title='bbox 1901 2434 1958 2478; x_wconf 89' lang='lat' dir='ltr'>de</span> <span class='ocrx_word' id='word_1_166' title='bbox 1988 2434 2157 2478; x_wconf 82' lang='lat' dir='ltr'>Velsen</span> 
     </span>
     <span class='ocr_line' id='line_1_24' title="bbox 331 2513 2155 2572; baseline 0 -16"><span class='ocrx_word' id='word_1_167' title='bbox 331 2514 407 2557; x_wconf 91' lang='grc'><strong>1.1.</strong></span> <span class='ocrx_word' id='word_1_168' title='bbox 430 2529 474 2570; x_wconf 86' lang='lat' dir='ltr'>p.</span> <span class='ocrx_word' id='word_1_169' title='bbox 499 2515 557 2558; x_wconf 78' lang='lat'>24</span> <span class='ocrx_word' id='word_1_170' title='bbox 574 2530 638 2570; x_wconf 88' lang='lat' dir='ltr'>sq.</span> <span class='ocrx_word' id='word_1_171' title='bbox 703 2515 790 2569; x_wconf 75' lang='lat' dir='ltr'>Qui</span> <span class='ocrx_word' id='word_1_172' title='bbox 821 2519 1066 2572; x_wconf 83' lang='lat' dir='ltr'>praeterea</span> <span class='ocrx_word' id='word_1_173' title='bbox 1097 2516 1153 2559; x_wconf 88' lang='lat' dir='ltr'>de</span> <span class='ocrx_word' id='word_1_174' title='bbox 1189 2516 1258 2559; x_wconf 90' lang='lat' dir='ltr'>his</span> <span class='ocrx_word' id='word_1_175' title='bbox 1289 2517 1426 2559; x_wconf 85' lang='lat' dir='ltr'>rebus</span> <span class='ocrx_word' id='word_1_176' title='bbox 1459 2515 1748 2572; x_wconf 88' lang='lat' dir='ltr'>scripserunt</span> <span class='ocrx_word' id='word_1_177' title='bbox 1780 2517 1901 2571; x_wconf 81' lang='lat' dir='ltr'>post.</span> <span class='ocrx_word' id='word_1_178' title='bbox 1920 2513 2155 2567; x_wconf 78' lang='lat' dir='ltr'>Varronis,</span> 
     </span>
     <span class='ocr_line' id='line_1_25' title="bbox 329 2577 2153 2652; baseline 0.002 -17"><span class='ocrx_word' id='word_1_179' title='bbox 329 2595 468 2637; x_wconf 88' lang='lat' dir='ltr'>immo</span> <span class='ocrx_word' id='word_1_180' title='bbox 498 2595 717 2651; x_wconf 84' lang='lat' dir='ltr'>Apolloni</span> <span class='ocrx_word' id='word_1_181' title='bbox 747 2599 959 2652; x_wconf 85' lang='lat' dir='ltr'>tempora</span> <span class='ocrx_word' id='word_1_182' title='bbox 988 2596 1220 2651; x_wconf 82' lang='lat' dir='ltr'>uixerunt,</span> <span class='ocrx_word' id='word_1_183' title='bbox 1258 2603 1310 2639; x_wconf 87' lang='lat' dir='ltr'>ut</span> <span class='ocrx_word' id='word_1_184' title='bbox 1341 2597 1396 2638; x_wconf 88' lang='lat' dir='ltr'>de</span> <span class='ocrx_word' id='word_1_185' title='bbox 1427 2595 1692 2639; x_wconf 85' lang='lat' dir='ltr'>Herodiano</span> <span class='ocrx_word' id='word_1_186' title='bbox 1723 2595 1796 2649; x_wconf 76' lang='lat' dir='ltr'>(cf.</span> <span class='ocrx_word' id='word_1_187' title='bbox 1820 2577 2020 2638; x_wconf 81' lang='lat' dir='ltr'>Michacl</span> <span class='ocrx_word' id='word_1_188' title='bbox 2043 2594 2153 2650; x_wconf 79' lang='lat' dir='ltr'>Syn-</span> 
     </span>
     <span class='ocr_line' id='line_1_26' title="bbox 331 2674 2152 2732; baseline 0.001 -16"><span class='ocrx_word' id='word_1_189' title='bbox 331 2674 472 2717; x_wconf 87' lang='lat' dir='ltr'>cellus</span> <span class='ocrx_word' id='word_1_190' title='bbox 501 2675 550 2717; x_wconf 89' lang='lat' dir='ltr'>in</span> <span class='ocrx_word' id='word_1_191' title='bbox 582 2676 862 2720; x_wconf 86' lang='lat' dir='ltr'>Bachmanni</span> <span class='ocrx_word' id='word_1_192' title='bbox 894 2677 1052 2721; x_wconf 86' lang='lat' dir='ltr'>anecd.</span> <span class='ocrx_word' id='word_1_193' title='bbox 1091 2675 1383 2732; x_wconf 78' lang='lat' dir='ltr'>gr.11p.424</span> <span class='ocrx_word' id='word_1_194' title='bbox 1419 2676 1475 2719; x_wconf 86' lang='lat' dir='ltr'>cl.</span> <span class='ocrx_word' id='word_1_195' title='bbox 1507 2675 1739 2731; x_wconf 82' lang='lat' dir='ltr'>E.Egger</span> <span class='ocrx_word' id='word_1_196' title='bbox 1769 2674 1921 2731; x_wconf 82' lang='lat' dir='ltr'>Apoll.</span> <span class='ocrx_word' id='word_1_197' title='bbox 1955 2674 2152 2730; x_wconf 81' lang='lat' dir='ltr'>Dyscole</span> 
     </span>
     <span class='ocr_line' id='line_1_27' title="bbox 328 2749 2149 2812; baseline 0 -15"><span class='ocrx_word' id='word_1_198' title='bbox 328 2769 375 2809; x_wconf 85' lang='lat' dir='ltr'>p.</span> <span class='ocrx_word' id='word_1_199' title='bbox 396 2754 498 2810; x_wconf 77' lang='lat'>234)</span> <span class='ocrx_word' id='word_1_200' title='bbox 528 2758 719 2812; x_wconf 81' lang='lat' dir='ltr'>taceam,</span> <span class='ocrx_word' id='word_1_201' title='bbox 752 2757 981 2812; x_wconf 85' lang='lat' dir='ltr'>Telephus</span> <span class='ocrx_word' id='word_1_202' title='bbox 1016 2757 1270 2809; x_wconf 74' lang='lat' dir='ltr'>CrateteUS,</span> <span class='ocrx_word' id='word_1_203' title='bbox 1302 2755 1378 2811; x_wconf 83' lang='lat' dir='ltr'>qui</span> <span class='ocrx_word' id='word_1_204' title='bbox 1417 2759 1535 2798; x_wconf 85' lang='lat' dir='ltr'>teste</span> <span class='ocrx_word' id='word_1_205' title='bbox 1575 2754 1717 2798; x_wconf 82' lang='lat' dir='ltr'>Suida</span> <span class='ocrx_word' id='word_1_206' title='bbox 1755 2758 1862 2812; x_wconf 80' lang='grc' dir='ltr'>περὶ</span> <span class='ocrx_word' id='word_1_207' title='bbox 1900 2749 2149 2811; x_wconf 34' lang='grc' dir='ltr'><em>συν-τάξεως</em></span> 
     </span>
     <span class='ocr_line' id='line_1_28' title="bbox 328 2829 2151 2893; baseline 0.001 -17"><span class='ocrx_word' id='word_1_208' title='bbox 328 2829 466 2890; x_wconf 76' lang='grc' dir='ltr'><em>λόγου</em></span> <span class='ocrx_word' id='word_1_209' title='bbox 497 2832 690 2879; x_wconf 72' lang='grc' dir='ltr'><em>Ἀττικοῦ</em></span> <span class='ocrx_word' id='word_1_210' title='bbox 730 2839 879 2892; x_wconf 74' lang='grc' dir='ltr'><strong><em>βιβλία</em></strong></span> <span class='ocrx_word' id='word_1_211' title='bbox 919 2841 944 2880; x_wconf 78' lang='grc' dir='ltr'>ε’</span> <span class='ocrx_word' id='word_1_212' title='bbox 986 2837 1152 2892; x_wconf 79' lang='lat' dir='ltr'>edidit,</span> <span class='ocrx_word' id='word_1_213' title='bbox 1201 2840 1307 2893; x_wconf 84' lang='lat' dir='ltr'>post</span> <span class='ocrx_word' id='word_1_214' title='bbox 1351 2836 1616 2892; x_wconf 85' lang='lat' dir='ltr'>Augustum</span> <span class='ocrx_word' id='word_1_215' title='bbox 1658 2835 1833 2879; x_wconf 51' lang='lat' dir='ltr'>floruit.¹</span> <span class='ocrx_word' id='word_1_216' title='bbox 1865 2834 1936 2892; x_wconf 80' lang='lat' dir='ltr'>(cf.</span> <span class='ocrx_word' id='word_1_217' title='bbox 1973 2835 2151 2879; x_wconf 78' lang='lat' dir='ltr'>Prellet·</span> 
     </span>
     <span class='ocr_line' id='line_1_29' title="bbox 329 2915 2155 2974; baseline 0.001 -17"><span class='ocrx_word' id='word_1_218' title='bbox 329 2915 495 2958; x_wconf 84' lang='lat' dir='ltr'>ztsehr.</span> <span class='ocrx_word' id='word_1_219' title='bbox 526 2916 556 2959; x_wconf 87' lang='lat' dir='ltr'>f.</span> <span class='ocrx_word' id='word_1_220' title='bbox 587 2917 811 2961; x_wconf 83' lang='lat' dir='ltr'>alterthw.</span> <span class='ocrx_word' id='word_1_221' title='bbox 848 2917 963 2962; x_wconf 83' lang='lat'>1837</span> <span class='ocrx_word' id='word_1_222' title='bbox 994 2934 1035 2974; x_wconf 88' lang='lat' dir='ltr'>p.</span> <span class='ocrx_word' id='word_1_223' title='bbox 1053 2917 1156 2974; x_wconf 85' lang='lat'>499)</span> <span class='ocrx_word' id='word_1_224' title='bbox 1191 2921 1238 2960; x_wconf 87' lang='lat' dir='ltr'>et</span> <span class='ocrx_word' id='word_1_225' title='bbox 1267 2917 1320 2960; x_wconf 90' lang='lat' dir='ltr'>L.</span> <span class='ocrx_word' id='word_1_226' title='bbox 1347 2917 1459 2961; x_wconf 90' lang='lat' dir='ltr'>Veri</span> <span class='ocrx_word' id='word_1_227' title='bbox 1489 2918 1766 2973; x_wconf 88' lang='lat' dir='ltr'>praeceptor</span> <span class='ocrx_word' id='word_1_228' title='bbox 1797 2915 1937 2960; x_wconf 84' lang='lat' dir='ltr'>fuisse</span> <span class='ocrx_word' id='word_1_229' title='bbox 1960 2915 2155 2959; x_wconf 65' lang='lat' dir='ltr'>»uidetur</span> 
     </span>
     <span class='ocr_line' id='line_1_30' title="bbox 329 2994 2154 3053; baseline 0.001 -16"><span class='ocrx_word' id='word_1_230' title='bbox 329 2994 424 3050; x_wconf 90' lang='lat' dir='ltr'>(Iul.</span> <span class='ocrx_word' id='word_1_231' title='bbox 451 2995 641 3051; x_wconf 86' lang='lat' dir='ltr'>Capitol.</span> <span class='ocrx_word' id='word_1_232' title='bbox 661 2997 771 3041; x_wconf 90' lang='lat' dir='ltr'>Veri</span> <span class='ocrx_word' id='word_1_233' title='bbox 800 2998 841 3041; x_wconf 75' lang='lat'>2.</span> <span class='ocrx_word' id='word_1_234' title='bbox 875 2997 1024 3041; x_wconf 88' lang='lat' dir='ltr'>Ebert</span> <span class='ocrx_word' id='word_1_235' title='bbox 1055 2998 1237 3042; x_wconf 85' lang='lat' dir='ltr'>dissert.</span> <span class='ocrx_word' id='word_1_236' title='bbox 1267 2997 1355 3042; x_wconf 79' lang='lat' dir='ltr'>Sic.</span> <span class='ocrx_word' id='word_1_237' title='bbox 1389 2997 1409 3039; x_wconf 94' lang='lat' dir='ltr'>I</span> <span class='ocrx_word' id='word_1_238' title='bbox 1441 3012 1485 3053; x_wconf 93' lang='lat' dir='ltr'>p.</span> <span class='ocrx_word' id='word_1_239' title='bbox 1506 2996 1624 3052; x_wconf 81' lang='lat'>147),</span> <span class='ocrx_word' id='word_1_240' title='bbox 1657 2999 1704 3040; x_wconf 84' lang='lat' dir='ltr'>et</span> <span class='ocrx_word' id='word_1_241' title='bbox 1736 2995 1962 3040; x_wconf 78' lang='lat' dir='ltr'>Arcadius</span> <span class='ocrx_word' id='word_1_242' title='bbox 1993 2995 2154 3040; x_wconf 72' lang='lat' dir='ltr'>Antio—</span> 
     </span>
     <span class='ocr_line' id='line_1_31' title="bbox 330 3074 2154 3133; baseline 0 -15"><span class='ocrx_word' id='word_1_243' title='bbox 330 3075 511 3129; x_wconf 78' lang='lat' dir='ltr'>chenus,</span> <span class='ocrx_word' id='word_1_244' title='bbox 555 3076 815 3120; x_wconf 87' lang='lat' dir='ltr'>Herodiano</span> <span class='ocrx_word' id='word_1_245' title='bbox 863 3077 1054 3121; x_wconf 89' lang='lat' dir='ltr'>inferior</span> <span class='ocrx_word' id='word_1_246' title='bbox 1100 3078 1337 3133; x_wconf 88' lang='lat' dir='ltr'>(Choerob.</span> <span class='ocrx_word' id='word_1_247' title='bbox 1370 3077 1512 3121; x_wconf 85' lang='lat' dir='ltr'>Bekk.</span> <span class='ocrx_word' id='word_1_248' title='bbox 1545 3076 1705 3121; x_wconf 84' lang='lat' dir='ltr'>anecd.</span> <span class='ocrx_word' id='word_1_249' title='bbox 1741 3090 1813 3133; x_wconf 85' lang='lat' dir='ltr'>gr.</span> <span class='ocrx_word' id='word_1_250' title='bbox 1841 3075 1908 3118; x_wconf 93' lang='grc' dir='ltr'>ΙΙΙ</span> <span class='ocrx_word' id='word_1_251' title='bbox 1936 3089 1983 3131; x_wconf 79' lang='lat' dir='ltr'>p.</span> <span class='ocrx_word' id='word_1_252' title='bbox 2004 3074 2154 3129; x_wconf 83' lang='lat'>1193),</span> 
     </span>
     <span class='ocr_line' id='line_1_32' title="bbox 329 3153 2154 3217; baseline 0.001 -20"><span class='ocrx_word' id='word_1_253' title='bbox 329 3155 407 3210; x_wconf 90' lang='lat' dir='ltr'>qui</span> <span class='ocrx_word' id='word_1_254' title='bbox 435 3159 538 3213; x_wconf 73' lang='grc' dir='ltr'>περὶ</span> <span class='ocrx_word' id='word_1_255' title='bbox 573 3153 814 3206; x_wconf 73' lang='grc' dir='ltr'><em>συντάξεως</em></span> <span class='ocrx_word' id='word_1_256' title='bbox 846 3159 936 3202; x_wconf 82' lang='grc' dir='ltr'>τῶν</span> <span class='ocrx_word' id='word_1_257' title='bbox 965 3160 1044 3201; x_wconf 81' lang='grc' dir='ltr'>τοῦ</span> <span class='ocrx_word' id='word_1_258' title='bbox 1077 3153 1215 3215; x_wconf 79' lang='grc' dir='ltr'><em>λόγου</em></span> <span class='ocrx_word' id='word_1_259' title='bbox 1247 3159 1402 3217; x_wconf 75' lang='grc' dir='ltr'><em>μερῶν</em></span> <span class='ocrx_word' id='word_1_260' title='bbox 1433 3157 1633 3214; x_wconf 87' lang='lat' dir='ltr'>scripsit.</span> <span class='ocrx_word' id='word_1_261' title='bbox 1665 3156 1831 3212; x_wconf 85' lang='lat' dir='ltr'>reliqui</span> <span class='ocrx_word' id='word_1_262' title='bbox 1859 3157 2048 3212; x_wconf 74' lang='lat' dir='ltr'>praeter</span> <span class='ocrx_word' id='word_1_263' title='bbox 2066 3155 2154 3210; x_wconf 81' lang='lat' dir='ltr'>By-</span> 
     </span>
     <span class='ocr_line' id='line_1_33' title="bbox 328 3235 2153 3296; baseline -0.001 -18"><span class='ocrx_word' id='word_1_264' title='bbox 328 3236 534 3279; x_wconf 84' lang='lat' dir='ltr'>zantinos</span> <span class='ocrx_word' id='word_1_265' title='bbox 581 3239 904 3294; x_wconf 84' lang='lat' dir='ltr'>grammaticos</span> <span class='ocrx_word' id='word_1_266' title='bbox 953 3239 1027 3295; x_wconf 86' lang='lat' dir='ltr'>(de</span> <span class='ocrx_word' id='word_1_267' title='bbox 1074 3239 1239 3295; x_wconf 86' lang='lat' dir='ltr'>quibus</span> <span class='ocrx_word' id='word_1_268' title='bbox 1270 3239 1430 3296; x_wconf 85' lang='lat' dir='ltr'>Egger</span> <span class='ocrx_word' id='word_1_269' title='bbox 1459 3239 1488 3282; x_wconf 90' lang='lat' dir='ltr'>l.</span> <span class='ocrx_word' id='word_1_270' title='bbox 1522 3239 1552 3281; x_wconf 90' lang='lat' dir='ltr'>l.</span> <span class='ocrx_word' id='word_1_271' title='bbox 1583 3254 1626 3295; x_wconf 89' lang='lat' dir='ltr'>p.</span> <span class='ocrx_word' id='word_1_272' title='bbox 1654 3237 1756 3282; x_wconf 77' lang='lat'>234.</span> <span class='ocrx_word' id='word_1_273' title='bbox 1787 3235 1895 3292; x_wconf 78' lang='lat'>265)</span> <span class='ocrx_word' id='word_1_274' title='bbox 1943 3235 2153 3280; x_wconf 80' lang='lat' dir='ltr'>rhetores</span> 
     </span>
     <span class='ocr_line' id='line_1_34' title="bbox 327 3313 2153 3374; baseline 0.001 -15"><span class='ocrx_word' id='word_1_275' title='bbox 327 3317 596 3371; x_wconf 88' lang='lat' dir='ltr'>posterioris</span> <span class='ocrx_word' id='word_1_276' title='bbox 628 3319 791 3361; x_wconf 85' lang='lat' dir='ltr'>aetatis</span> <span class='ocrx_word' id='word_1_277' title='bbox 821 3323 968 3374; x_wconf 80' lang='lat' dir='ltr'>erant,</span> <span class='ocrx_word' id='word_1_278' title='bbox 999 3323 1051 3362; x_wconf 86' lang='lat' dir='ltr'>ut</span> <span class='ocrx_word' id='word_1_279' title='bbox 1083 3319 1283 3363; x_wconf 86' lang='lat' dir='ltr'>Gaianus</span> <span class='ocrx_word' id='word_1_280' title='bbox 1314 3320 1464 3363; x_wconf 88' lang='lat' dir='ltr'>Arabs</span> <span class='ocrx_word' id='word_1_281' title='bbox 1486 3313 1647 3362; x_wconf 80' lang='lat' dir='ltr'>Theon</span> <span class='ocrx_word' id='word_1_282' title='bbox 1676 3316 2018 3364; x_wconf 65' lang='lat' dir='ltr'>Alexandrinus</span> <span class='ocrx_word' id='word_1_283' title='bbox 2038 3316 2153 3360; x_wconf 75' lang='lat' dir='ltr'>Pau-</span> 
     </span>
     <span class='ocr_line' id='line_1_35' title="bbox 329 3395 2154 3457; baseline 0.001 -19"><span class='ocrx_word' id='word_1_284' title='bbox 329 3397 477 3439; x_wconf 86' lang='lat' dir='ltr'>sanias</span> <span class='ocrx_word' id='word_1_285' title='bbox 526 3397 831 3442; x_wconf 82' lang='lat' dir='ltr'>Caesariensis</span> <span class='ocrx_word' id='word_1_286' title='bbox 882 3399 1061 3454; x_wconf 58' lang='lat' dir='ltr'>(suia),</span> <span class='ocrx_word' id='word_1_287' title='bbox 1109 3399 1186 3455; x_wconf 84' lang='lat' dir='ltr'>qui</span> <span class='ocrx_word' id='word_1_288' title='bbox 1216 3400 1418 3457; x_wconf 79' lang='lat' dir='ltr'>uestigia</span> <span class='ocrx_word' id='word_1_289' title='bbox 1452 3399 1643 3454; x_wconf 84' lang='lat' dir='ltr'>Dionysi</span> <span class='ocrx_word' id='word_1_290' title='bbox 1675 3395 2072 3442; x_wconf 71' lang='lat' dir='ltr'>Halicarnasensis</span> <span class='ocrx_word' id='word_1_291' title='bbox 2105 3400 2154 3439; x_wconf 85' lang='lat' dir='ltr'>et</span> 
     </span>
     <span class='ocr_line' id='line_1_36' title="bbox 329 3474 2150 3538; baseline 0.003 -20"><span class='ocrx_word' id='word_1_292' title='bbox 329 3477 531 3521; x_wconf 83' lang='lat' dir='ltr'>auctoris</span> <span class='ocrx_word' id='word_1_293' title='bbox 563 3478 673 3522; x_wconf 86' lang='lat' dir='ltr'>libri</span> <span class='ocrx_word' id='word_1_294' title='bbox 702 3482 805 3538; x_wconf 78' lang='grc' dir='ltr'>περὶ</span> <span class='ocrx_word' id='word_1_295' title='bbox 840 3476 999 3536; x_wconf 81' lang='grc' dir='ltr'><em>ὕψους,</em></span> <span class='ocrx_word' id='word_1_296' title='bbox 1034 3481 1114 3535; x_wconf 88' lang='lat' dir='ltr'>qui</span> <span class='ocrx_word' id='word_1_297' title='bbox 1145 3481 1258 3524; x_wconf 89' lang='lat' dir='ltr'>duos</span> <span class='ocrx_word' id='word_1_298' title='bbox 1294 3481 1438 3525; x_wconf 87' lang='lat' dir='ltr'>libros</span> <span class='ocrx_word' id='word_1_299' title='bbox 1470 3483 1580 3538; x_wconf 79' lang='grc' dir='ltr'><em>περὶ·</em></span> <span class='ocrx_word' id='word_1_300' title='bbox 1608 3474 1854 3529; x_wconf 77' lang='grc' dir='ltr'><em>συντάξεως</em></span> <span class='ocrx_word' id='word_1_301' title='bbox 1893 3478 2150 3534; x_wconf 65' lang='lat' dir='ltr'>conposuit,</span> 
     </span>
     <span class='ocr_line' id='line_1_37' title="bbox 329 3555 1090 3616; baseline 0.008 -18"><span class='ocrx_word' id='word_1_302' title='bbox 329 3556 393 3612; x_wconf 82' lang='grc' dir='ltr'>(π.</span> <span class='ocrx_word' id='word_1_303' title='bbox 424 3555 569 3614; x_wconf 72' lang='grc' dir='ltr'><em>ὕψους</em></span> <span class='ocrx_word' id='word_1_304' title='bbox 599 3560 669 3614; x_wconf 81' lang='lat'>39,</span> <span class='ocrx_word' id='word_1_305' title='bbox 691 3561 732 3615; x_wconf 89' lang='lat'>1)</span> <span class='ocrx_word' id='word_1_306' title='bbox 766 3561 1090 3616; x_wconf 86' lang='lat' dir='ltr'>sequebantur.</span> 
     </span>
    </p>
   </div>
  </div>
 </body>
</html>
