2372 4082
0 3951 19 4082 :we-rw*
0 3889 13 3912 ι’*
0 3840 3 3842 ’
0 3724 2 3746 ’“

1144 323 1245 376 213

216 483 277 534 99
308 486 350 513 ‘¹'
418 472 563 530 Sunt
597 484 779 530 autem
815 474 1139 548 pronomina
1172 474 1323 529 finita
1339 483 1446 538 tria
1472 473 1603 547 [ego
1642 482 1700 528 tu
1735 473 1872 548 ille],
1906 476 2115 529 infinita

275 572 501 637 septem,
543 567 719 620 minus
742 580 900 639 quam
932 567 1083 620 finita
1116 585 1231 636 sex,
1266 569 1576 639 possessiua
1607 569 1860 640 quinque.
1904 576 1958 622 et
1980 569 2114 623 11300

273 662 400 708 sunt
431 657 771 727 pronomina.
808 657 866 710 in
883 675 1068 710 rerum
1109 665 1300 711 natura
1338 659 1460 730 plus
1493 678 1603 711 non
1625 659 1889 712 inuenies.
1931 660 2112 713 omnia

277 747 598 819 pronomina
651 767 787 821 quae
840 757 966 803 sunt
1019 749 1242 803 inuenta
1289 750 1345 802 in
1381 750 1779 820 latinalingua
1816 751 1918 804 ista
1956 758 2111 804 sunt:

217 847 248 892 5
275 838 427 892 finita
450 845 576 892 sunt
595 840 725 895 tria:
764 858 868 910 ego
904 848 962 892 tu
988 841 1102 908 ille,
1138 840 1345 894 infinita
1382 849 1621 914 septem:
1663 840 1781 912 quis
1823 841 1993 913 qualis
2034 849 2111 894 ta-

273 926 807 1002 listantus‘quantus
834 939 1027 1001 quotus
1053 938 1214 1000 totuS,
1235 931 1412 985 minus
1450 950 1610 1001 quam
1645 932 1796 986 finita
1833 939 1958 986 sunt
1981 950 2108 986 sex:

272 1016 392 1089 ipse
430 1019 534 1074 iste
567 1020 613 1074 is
654 1018 744 1074 hic
776 1018 922 1075 idem
965 1023 1064 1091 sui,
1101 1022 1408 1095 possessiua
1458 1030 1582 1075 sunt
1633 1023 1898 1092 quinque:
1955 1041 2105 1075 meus

276 1115 401 1163 tuus
439 1129 568 1166 suus
607 1117 792 1166 nostor
833 1121 1033 1167 uester.
1072 1113 1177 1165 alia
1201 1113 1523 1185 pronomina
1557 1133 1668 1167 non
1704 1113 1968 1168 inuenies.
2011 1114 2108 1167 sed

275 1199 460 1254 dicere
497 1201 628 1254 mihi
663 1202 856 1256 habes:
911 1203 1098 1255 dixisti
1136 1204 1269 1256 mihi
1312 1204 1415 1256 alia
1452 1204 1772 1276 pronomina
1806 1223 1915 1258 non
1955 1204 2106 1258 inue-

187 1299 244 1346 10
274 1290 402 1360 uiri,
435 1291 534 1345 sed
569 1293 758 1346 inueni
797 1293 921 1347 alia.
997 1293 1120 1347 (1100
1170 1293 1291 1347 tibi:
1345 1313 1449 1366 ego
1489 1295 1622 1364 dixi,
1672 1296 1801 1367 quia
1836 1314 1944 1349 non
1984 1303 2109 1349 sunt

342 1520 345 1523 ¹
439 1468 512 1525 99.
573 1466 737 1525 Pomp.
773 1482 939 1512 comm.
963 1471 1053 1512 art.
1083 1467 1204 1512 Don.
1222 1467 1397 1513 XVIIII
1417 1471 1445 1512 4
1473 1484 1518 1525 p.
1536 1472 1623 1514 239
1656 1469 1815 1514 Lind.:
1849 1470 1995 1515 Sunt
2027 1486 2112 1515 au-

273 1520 434 1571 10111.
469 1560 479 1570 .
515 1560 524 1570 .
561 1526 668 1572 0οἃ
708 1527 1055 1572 deductiua.
1130 1527 1272 1572 Prob.
1305 1529 1415 1572 inst.
1451 1532 1540 1572 art.
1572 1543 1618 1585 p.
1649 1531 1746 1582 131,
1779 1532 1860 1574 25:
1909 1530 2109 1586 qualitas

271 1587 604 1644 pronominum
632 1587 682 1631 in
710 1590 938 1644 quattuor
969 1588 1146 1632 formas
1179 1588 1433 1632 diuiditur:
1465 1587 1599 1633 finita
1629 1589 1782 1633 minus
1804 1604 1944 1646 quam
1978 1589 2112 1635 finita

271 1644 455 1690 infinita
491 1647 776 1703 possessiua.
832 1647 966 1691 finita
996 1647 1275 1704 pronomina
1309 1643 1431 1700 sunt',
1465 1663 1581 1704 quae
1613 1652 1781 1693 notant
1816 1652 1999 1694 certum
2029 1666 2112 1693 nu-

274 1719 470 1759 merum,
503 1709 681 1750 certam
710 1721 975 1764 personam.
1037 1707 1155 1751 haec
1188 1709 1282 1751 tria
1314 1711 1423 1751 sunt
1453 1711 1660 1751 tantum:
1698 1723 1784 1766 ego
1816 1712 1870 1752 tu
1899 1709 1980 1752 ille
2018 1743 2026 1751 .
2064 1743 2073 1752 .
2101 1743 2110 1752 .

273 1765 427 1825 minus
461 1780 600 1823 quam
632 1765 765 1810 finita
797 1766 948 1811 forma
980 1780 1061 1810 sex
1089 1767 1205 1810 11300
1237 1767 1515 1823 pronomina
1543 1768 1754 1812 continet
1770 1771 1978 1811 tantum:
2011 1770 2111 1825 ipse

274 1824 366 1869 iste
395 1825 436 1868 is
467 1825 592 1868 idem
625 1826 716 1870 sibi
749 1826 824 1870 1110
860 1859 870 1868 .
907 1860 916 1870 .
951 1859 960 1869 .
1005 1825 1188 1870 infinita
1219 1826 1370 1870 forma
1401 1827 1563 1871 decem
1593 1842 1764 1871 nouem
1793 1828 1909 1871 haec
1941 1843 2112 1884 prono-

273 1884 398 1928 mina
432 1885 644 1929 continet
686 1888 894 1930 tantum:
942 1888 1020 1942 (1111
1061 1887 1139 1929 1101
1184 1886 1284 1942 (11110
1330 1886 1518 1942 quidam
1559 1887 1836 1943 quicumque
1868 1887 2112 1944 quisquam

274 1944 483 2001 quisquis
518 1945 733 2001 quisnam
765 1945 997 2002 quispiam
1027 1944 1195 2002 aliquis
1226 1946 1390 2001 nequis
1424 1946 1566 2002 siquis
1587 1946 1737 2003 qualis
1762 1947 2111 2004 qualiscumque

271 2001 383 2049 talis
409 2005 617 2060 'quantus
638 2007 1041 2061 quantuscumque
1071 2007 1233 2048 tantus
1267 2008 1436 2062 quotus
1466 2009 1838 2063 quotuscumque
1870 2009 2000 2051 totus
2023 2041 2032 2049 .
2061 2040 2070 2050 .
2101 2041 2110 2050 .

273 2063 541 2120 'possessiua
571 2063 722 2107 forma
761 2064 962 2121 quinque
993 2064 1110 2108 haec
1140 2066 1418 2121 pronomina
1466 2065 1677 2109 continet
1723 2068 1932 2109 tantum:
1980 2079 2111 2110 meus

272 2123 383 2166 tuus
419 2138 529 2167 suus
559 2126 723 2168 noster
763 2126 938 2168 uester.
1002 2129 1059 2178 cf.
1095 2124 1226 2181 Serg.
1265 2138 1430 2168 00111111.
1462 2124 1512 2167 111
1540 2125 1661 2168 1)011.
1693 2140 1739 2181 p.
1762 2127 1875 2170 1847
1891 2125 1944 2168 P.
2013 2126 2111 2170 Cle-

272 2180 383 2227 don‘.
424 2195 589 2227 comm.
630 2183 680 2226 in
709 2183 829 2227 Don.
871 2198 916 2240 p.
939 2185 1055 2228 1906
1078 2183 1129 2226 P.
1185 2183 1318 2228 Seru.
1359 2198 1526 2229 comm.
1568 2185 1618 2228 in
1658 2183 1778 2228 Don.
1822 2200 1868 2241 p.
1895 2187 2007 2229 1785
2030 2185 2110 2229 P.:

276 2241 478 2298 qualitas
515 2243 846 2299 pronominum
877 2243 1206 2299 principaliter
1234 2244 1461 2299 bipartita
1501 2247 1586 2287 est.
1665 2245 1818 2287 omnia
1851 2244 1974 2287 enim
2003 2259 2111 2301 pro·

270 2301 460 2346 nomina
490 2305 572 2345 aut
603 2302 736 2346 finita
766 2305 879 2346 suntv
907 2305 988 2345 aut
1019 2301 1216 2346 infinita.
1279 2302 1412 2346 finita
1447 2306 1570 2356 sunt,
1602 2318 1719 2360 quae
1749 2302 1985 2360 recipiunt
2007 2319 2110 2360 per—

272 2366 427 2413 sonas,
463 2361 514 2404 id
544 2365 618 2405 est
661 2376 780 2418 quae
815 2361 1046 2406 definiunt
1076 2376 1315 2418 personas,
1352 2365 1400 2406 et
1432 2366 1540 2405 sunt
1574 2365 1760 2406 tantum
1790 2364 1905 2407 tria:
1941 2378 2028 2421 ego
2056 2367 2110 2406 tu

273 2418 390 2464 ille..
413 2421 518 2467 ,sed
546 2421 630 2465 ille
660 2422 936 2478 plerumque
969 2421 1196 2464 uariatur.
1261 2436 1370 2465 nam
1402 2422 1442 2465 si
1472 2422 1530 2466 ad
1563 2424 1829 2478 praesentis
1859 2437 2110 2479 personam

270 2478 492 2533 refertur,
525 2483 639 2525 tunc
670 2484 800 2524 recte
831 2480 1017 2524 finitum
1048 2483 1134 2533 est,
1169 2482 1208 2524 si
1240 2481 1298 2524 de
1329 2482 1523 2525 absente
1555 2482 1753 2535 dicatur,
1786 2482 1939 2527 minus
1971 2497 2134 2539 quam-

272 2537 459 2584 finitum
489 2543 575 2583 est.
637 2540 821 2583 infinita
852 2543 1010 2584 autem
1044 2540 1321 2596 pronomina
1350 2540 1505 2584 uarias
1540 2540 1716 2585 habent
1748 2542 1941 2599 species.
2002 2557 2110 2586 nam

271 2597 386 2643 lieet
414 2599 570 2642 omnia
602 2614 921 2655 quaecumque
950 2615 1044 2644 non
1076 2599 1310 2655 recipiunt
1341 2615 1564 2656 personas
1594 2600 1778 2644 infinita
1808 2604 1930 2653 sunt,
1950 2604 2110 2645 tamen

272 2657 364 2702 alia
393 2657 620 2702 dicuntur
655 2659 943 2716 generaliter
974 2658 1172 2711 infinita,
1209 2659 1300 2702 alia
1330 2660 1482 2703 minus
1516 2675 1653 2715 quam
1683 2661 1829 2712 finita,
1874 2660 1966 2704 alia
1996 2661 2109 2705 arti-

272 2717 451 2762 cularia
478 2718 558 2761 uel
584 2718 1091 2771 demonstratiua,·alia
1123 2718 1402 2774 possessiua.
1448 2720 1736 2776 generaliter
1766 2719 1950 2763 infinita
1982 2723 2107 2773 sunt,

270 2791 389 2834 quae
422 2777 672 2835 unicuique
699 2792 928 2835 personae
959 2778 1115 2834 aptari
1143 2781 1357 2834 possunt,
1394 2781 1447 2821 ut
1493 2781 1565 2822 est
1598 2780 1730 2836 quis,¹
1758 2782 1807 2823 et
1840 2782 1948 2823 sunt
1992 2779 2109 2824 haec

271 2839 451 2895 septem
481 2839 691 2882 tantum:
725 2838 829 2894 quis
864 2837 973 2881 talis
1007 2837 1156 2894 qualis
1179 2840 1384 2893 quantus
1415 2840 1578 2882 tantus
1611 2842 1781 2894 quotus
1814 2841 1959 2883 totus.
2023 2840 2106 2883 mi-

263 2910 357 2941 nus
393 2909 532 2953 quam
558 2896 692 2941 finita
723 2897 960 2951 dicuntur,
1007 2911 1124 2953 (11130
1159 2898 1653 2942 commemorationem
1677 2899 1854 2943 habent
1886 2902 2108 2943 notarum

267 2960 592 3012 personarum,
623 2960 677 3000 ut
709 2959 782 3001 est
811 2957 927 3014 ipse.
990 2957 1105 3000 haec
1145 2959 1254 3000 sunt
1297 2971 1377 3000 sex
1415 2960 1624 3001 tantum:
1672 2958 1773 3015 ipse
1816 2959 1906 3002 iste
1948 2958 1987 3003 is
2031 2958 2106 3003 1110

267 3014 395 3059 idem
425 3015 497 3059 sui
530 3049 540 3059 .
575 3050 586 3060 .
621 3049 630 3059 .
663 3017 930 3073 possessiua
960 3016 1183 3060 dicuntur
1212 3017 1504 3072 pronomina,
1526 3032 1642 3073 quae
1673 3032 1757 3061 nos
1793 3017 1972 3073 aliquid.
2000 3033 2108 3074 pos-

267 3073 420 3118 sidere
452 3075 720 3128 ostendunt,
745 3078 799 3119 ut
831 3079 903 3119 est
933 3090 1063 3119 meus
1093 3078 1202 3119 tuus
1238 3109 1247 3118 .
1285 3109 1294 3118 .
1332 3110 1342 3119 .
1375 3080 1484 3119 sunt
1516 3081 1672 3120 autem
1701 3078 1968 3133 possessiua
1998 3091 2105 3133 pro-

266 3135 456 3178 nomina
487 3135 689 3191 quinque
719 3138 927 3179 tantum:
973 3150 1103 3178 meus
1133 3138 1242 3178 tuus
1276 3151 1385 3178 suus
1416 3138 1582 3179 noster
1613 3140 1660 3180 et
1697 3139 1868 3180 uester.
1932 3138 2105 3192 absque

265 3191 340 3237 his
364 3194 735 3250 pronominibus,
779 3209 896 3252 quae
937 3195 1092 3238 omnia
1125 3198 1234 3238 sunt
1274 3195 1447 3252 uiginti
1479 3197 1527 3238 et
1558 3210 1715 3248 unum,
1760 3194 1940 3239 nullum
1978 3195 2105 3238 aliud

407 3342 431 3386 1
470 3339 638 3389 Huius
671 3339 935 3403 fraymenti
979 3355 1075 3389 non
1110 3342 1207 3388 nisi
1240 3347 1454 3389 extrema
1489 3342 1641 3388 uerba
1678 3342 1797 3389 mila·
1833 3356 1939 3389 cum
1981 3341 2095 3398 ΑΒ,

267 3407 328 3456 de
362 3410 536 3468 quibus
566 3411 669 3459 uid.
704 3412 868 3459 adnot.
905 3411 972 3458 ad
1003 3411 1070 3468 fr.
1094 3413 1172 3467 97,
1201 3411 1396 3459 conlata
1430 3414 1545 3458 sunt
1577 3405 1601 3472 ΙΙ
1638 3411 1736 3456 tria
1773 3411 1887 3458 add.
1929 3415 1973 3458 et
2009 3427 2098 3472 ego

265 3480 327 3524 tu—
357 3476 440 3525 ille
475 3481 615 3527 uncis
649 3482 849 3529 inclusit
878 3481 1187 3528 Wachsmuth
1226 3474 1305 3542 112
1344 3481 1522 3541 septim
1558 3480 1695 3538 infra
1732 3494 1918 3540 quoque
1953 3480 1999 3529 G
2042 3497 2097 3521 z

266 3548 370 3597 cod.
407 3547 819 3611 Guelferbytanus
857 3550 1188 3598 Lindemanm
1210 3551 1235 3609 ΙΙ
1259 3544 1288 3598 3
1329 3551 1519 3596 iuuenis
1557 3551 1672 3598 libri
1695 3544 1719 3613 Η
