<?xml version="1.0" encoding="UTF-8"?>
<!DOCTYPE html PUBLIC "-//W3C//DTD XHTML 1.0 Transitional//EN"
    "http://www.w3.org/TR/xhtml1/DTD/xhtml1-transitional.dtd">
<html xmlns="http://www.w3.org/1999/xhtml" xml:lang="en" lang="en">
 <head>
  <title>
</title>
<meta http-equiv="Content-Type" content="text/html;charset=utf-8" />
  <meta name='ocr-system' content='tesseract 3.04.00' />
  <meta name='ocr-capabilities' content='ocr_page ocr_carea ocr_par ocr_line ocrx_word'/>
</head>
<body>
  <div class='ocr_page' id='page_1' title='image "./demterentivarron00wilmuoft_0044.png"; bbox 0 0 2236 4030; ppageno 0'>
   <div class='ocr_carea' id='block_1_1' title="bbox 1215 333 1278 381">
    <p class='ocr_par' dir='ltr' id='par_1_1' title="bbox 1215 333 1278 381">
     <span class='ocr_line' id='line_1_1' title="bbox 1215 333 1278 381; baseline -0.016 0"><span class='ocrx_word' id='word_1_1' title='bbox 1215 333 1278 381; x_wconf 83' lang='lat'>32</span> 
     </span>
    </p>
   </div>
   <div class='ocr_carea' id='block_1_2' title="bbox 331 459 2151 557">
    <p class='ocr_par' dir='ltr' id='par_1_2' title="bbox 331 459 2151 557">
     <span class='ocr_line' id='line_1_2' title="bbox 331 459 2151 557; baseline 0.006 -28"><span class='ocrx_word' id='word_1_2' title='bbox 331 477 595 530; x_wconf 81' lang='lat' dir='ltr'><strong>artissime</strong></span> <span class='ocrx_word' id='word_1_3' title='bbox 627 477 916 530; x_wconf 82' lang='lat' dir='ltr'>cohaerent</span> <span class='ocrx_word' id='word_1_4' title='bbox 939 485 1197 549; x_wconf 83' lang='lat' dir='ltr'>excerpta</span> <span class='ocrx_word' id='word_1_5' title='bbox 1214 478 1442 550; x_wconf 85' lang='lat' dir='ltr'>Pompei</span> <span class='ocrx_word' id='word_1_6' title='bbox 1469 499 1519 552; x_wconf 89' lang='lat' dir='ltr'>p.</span> <span class='ocrx_word' id='word_1_7' title='bbox 1545 480 1658 535; x_wconf 86' lang='lat'><strong>143.</strong></span> <span class='ocrx_word' id='word_1_8' title='bbox 1695 481 1923 537; x_wconf 85' lang='lat' dir='ltr'>Cledon.</span> <span class='ocrx_word' id='word_1_9' title='bbox 1943 493 1995 557; x_wconf 71' lang='lat' dir='ltr'>p.</span> <span class='ocrx_word' id='word_1_10' title='bbox 2020 459 2151 539; x_wconf 72' lang='lat'>&#39;1897</span> 
     </span>
    </p>
   </div>
   <div class='ocr_carea' id='block_1_3' title="bbox 326 563 2153 730">
    <p class='ocr_par' dir='ltr' id='par_1_3' title="bbox 326 563 2153 730">
     <span class='ocr_line' id='line_1_3' title="bbox 329 563 2153 647; baseline 0.007 -31"><span class='ocrx_word' id='word_1_11' title='bbox 329 563 390 616; x_wconf 88' lang='lat' dir='ltr'>P.</span> <span class='ocrx_word' id='word_1_12' title='bbox 431 585 553 617; x_wconf 90' lang='lat' dir='ltr'>cum</span> <span class='ocrx_word' id='word_1_13' title='bbox 586 583 717 619; x_wconf 89' lang='lat' dir='ltr'>uero</span> <span class='ocrx_word' id='word_1_14' title='bbox 755 577 1036 638; x_wconf 88' lang='lat' dir='ltr'>praeterea</span> <span class='ocrx_word' id='word_1_15' title='bbox 1072 568 1345 622; x_wconf 83' lang='lat' dir='ltr'>Romanus</span> <span class='ocrx_word' id='word_1_16' title='bbox 1383 568 1629 622; x_wconf 87' lang='lat' dir='ltr'>Varrone</span> <span class='ocrx_word' id='word_1_17' title='bbox 1664 571 1879 626; x_wconf 85' lang='lat' dir='ltr'>laudato</span> <span class='ocrx_word' id='word_1_18' title='bbox 1913 575 2153 647; x_wconf 81' lang='lat' dir='ltr'>preferat</span> 
     </span>
     <span class='ocr_line' id='line_1_4' title="bbox 326 654 2152 730; baseline 0.004 -23"><span class='ocrx_word' id='word_1_19' title='bbox 326 672 380 724; x_wconf 88' lang='lat' dir='ltr'>p.</span> <span class='ocrx_word' id='word_1_20' title='bbox 411 654 497 722; x_wconf 78' lang='lat'>58,</span> <span class='ocrx_word' id='word_1_21' title='bbox 532 657 612 722; x_wconf 83' lang='lat'>17,</span> <span class='ocrx_word' id='word_1_22' title='bbox 669 673 805 724; x_wconf 89' lang='lat' dir='ltr'>quae</span> <span class='ocrx_word' id='word_1_23' title='bbox 848 655 914 707; x_wconf 92' lang='lat' dir='ltr'>de</span> <span class='ocrx_word' id='word_1_24' title='bbox 951 656 985 708; x_wconf 90' lang='lat' dir='ltr'>l.</span> <span class='ocrx_word' id='word_1_25' title='bbox 1027 656 1063 708; x_wconf 94' lang='lat' dir='ltr'>l.</span> <span class='ocrx_word' id='word_1_26' title='bbox 1100 657 1152 708; x_wconf 89' lang='lat' dir='ltr'><strong>V</strong></span> <span class='ocrx_word' id='word_1_27' title='bbox 1189 656 1287 710; x_wconf 85' lang='lat'>118</span> <span class='ocrx_word' id='word_1_28' title='bbox 1326 675 1377 727; x_wconf 92' lang='lat' dir='ltr'>p.</span> <span class='ocrx_word' id='word_1_29' title='bbox 1409 657 1524 724; x_wconf 81' lang='lat'>131,</span> <span class='ocrx_word' id='word_1_30' title='bbox 1573 665 1626 709; x_wconf 89' lang='lat' dir='ltr'>et</span> <span class='ocrx_word' id='word_1_31' title='bbox 1665 677 1716 729; x_wconf 91' lang='lat' dir='ltr'>p.</span> <span class='ocrx_word' id='word_1_32' title='bbox 1755 659 1870 728; x_wconf 83' lang='lat'>104,</span> <span class='ocrx_word' id='word_1_33' title='bbox 1900 661 2152 730; x_wconf 64' lang='lat' dir='ltr'>‘13&#39;quae</span> 
     </span>
    </p>
   </div>
   <div class='ocr_carea' id='block_1_4' title="bbox 314 743 2164 3534">
    <p class='ocr_par' dir='ltr' id='par_1_4' title="bbox 322 743 2153 1996">
     <span class='ocr_line' id='line_1_5' title="bbox 328 743 2153 818; baseline 0.004 -22"><span class='ocrx_word' id='word_1_34' title='bbox 328 743 588 798; x_wconf 86' lang='lat' dir='ltr'>Priscian.</span> <span class='ocrx_word' id='word_1_35' title='bbox 606 745 719 798; x_wconf 84' lang='lat' dir='ltr'>VII</span> <span class='ocrx_word' id='word_1_36' title='bbox 739 745 872 798; x_wconf 86' lang='grc' dir='ltr'>55.Ι</span> <span class='ocrx_word' id='word_1_37' title='bbox 899 765 948 818; x_wconf 91' lang='lat' dir='ltr'>p.</span> <span class='ocrx_word' id='word_1_38' title='bbox 971 747 1071 798; x_wconf 84' lang='lat'>333</span> <span class='ocrx_word' id='word_1_39' title='bbox 1110 765 1137 798; x_wconf 92' lang='lat' dir='ltr'>e</span> <span class='ocrx_word' id='word_1_40' title='bbox 1174 747 1326 798; x_wconf 89' lang='lat' dir='ltr'>libris</span> <span class='ocrx_word' id='word_1_41' title='bbox 1363 747 1428 799; x_wconf 92' lang='lat' dir='ltr'>de</span> <span class='ocrx_word' id='word_1_42' title='bbox 1464 748 1498 800; x_wconf 93' lang='lat' dir='ltr'>l.</span> <span class='ocrx_word' id='word_1_43' title='bbox 1524 748 1558 800; x_wconf 93' lang='lat' dir='ltr'>l.</span> <span class='ocrx_word' id='word_1_44' title='bbox 1587 766 1705 801; x_wconf 87' lang='lat' dir='ltr'>esse</span> <span class='ocrx_word' id='word_1_45' title='bbox 1743 749 1953 818; x_wconf 89' lang='lat' dir='ltr'>docent,</span> <span class='ocrx_word' id='word_1_46' title='bbox 1993 751 2153 804; x_wconf 87' lang='lat' dir='ltr'>etiam</span> 
     </span>
     <span class='ocr_line' id='line_1_6' title="bbox 326 835 2147 908; baseline 0.004 -21"><span class='ocrx_word' id='word_1_47' title='bbox 326 835 534 904; x_wconf 89' lang='lat' dir='ltr'>reliqua</span> <span class='ocrx_word' id='word_1_48' title='bbox 572 853 708 908; x_wconf 90' lang='lat' dir='ltr'>quae</span> <span class='ocrx_word' id='word_1_49' title='bbox 748 855 870 888; x_wconf 91' lang='lat' dir='ltr'>cum</span> <span class='ocrx_word' id='word_1_50' title='bbox 912 854 1095 889; x_wconf 90' lang='lat' dir='ltr'>eorum</span> <span class='ocrx_word' id='word_1_51' title='bbox 1131 846 1453 907; x_wconf 87' lang='lat' dir='ltr'>argumento</span> <span class='ocrx_word' id='word_1_52' title='bbox 1493 838 1786 891; x_wconf 88' lang='lat' dir='ltr'>conuenire</span> <span class='ocrx_word' id='word_1_53' title='bbox 1823 840 2147 895; x_wconf 86' lang='lat' dir='ltr'>uidebantur</span> 
     </span>
     <span class='ocr_line' id='line_1_7' title="bbox 325 926 2148 1000; baseline 0.003 -22"><span class='ocrx_word' id='word_1_54' title='bbox 325 926 430 978; x_wconf 92' lang='lat' dir='ltr'>huc</span> <span class='ocrx_word' id='word_1_55' title='bbox 457 927 612 995; x_wconf 83' lang='lat' dir='ltr'>traxi,</span> <span class='ocrx_word' id='word_1_56' title='bbox 649 945 971 997; x_wconf 89' lang='lat' dir='ltr'>quamquam</span> <span class='ocrx_word' id='word_1_57' title='bbox 1008 945 1123 978; x_wconf 89' lang='lat' dir='ltr'>rem</span> <span class='ocrx_word' id='word_1_58' title='bbox 1162 927 1234 978; x_wconf 90' lang='lat' dir='ltr'>ita</span> <span class='ocrx_word' id='word_1_59' title='bbox 1267 935 1327 979; x_wconf 91' lang='lat' dir='ltr'>ut</span> <span class='ocrx_word' id='word_1_60' title='bbox 1348 929 1497 980; x_wconf 88' lang='lat' dir='ltr'>nulla</span> <span class='ocrx_word' id='word_1_61' title='bbox 1526 927 1783 981; x_wconf 82' lang='lat' dir='ltr'>dubitatio</span> <span class='ocrx_word' id='word_1_62' title='bbox 1815 931 2148 1000; x_wconf 84' lang='lat' dir='ltr'>relinquatur</span> 
     </span>
     <span class='ocr_line' id='line_1_8' title="bbox 325 1018 2152 1091; baseline 0.004 -21"><span class='ocrx_word' id='word_1_63' title='bbox 325 1035 435 1070; x_wconf 91' lang='lat' dir='ltr'>non</span> <span class='ocrx_word' id='word_1_64' title='bbox 472 1034 589 1070; x_wconf 90' lang='lat' dir='ltr'>esse</span> <span class='ocrx_word' id='word_1_65' title='bbox 627 1025 968 1089; x_wconf 87' lang='lat' dir='ltr'>conparatam</span> <span class='ocrx_word' id='word_1_66' title='bbox 1003 1018 1181 1072; x_wconf 87' lang='lat' dir='ltr'>uideo.</span> <span class='ocrx_word' id='word_1_67' title='bbox 1221 1019 1317 1071; x_wconf 90' lang='lat' dir='ltr'>sed</span> <span class='ocrx_word' id='word_1_68' title='bbox 1353 1029 1411 1072; x_wconf 91' lang='lat' dir='ltr'>ut</span> <span class='ocrx_word' id='word_1_69' title='bbox 1449 1020 1552 1072; x_wconf 89' lang='lat' dir='ltr'>hoc</span> <span class='ocrx_word' id='word_1_70' title='bbox 1590 1021 1756 1073; x_wconf 91' lang='lat' dir='ltr'>semel</span> <span class='ocrx_word' id='word_1_71' title='bbox 1795 1041 2057 1091; x_wconf 87' lang='lat' dir='ltr'>moneam,</span> <span class='ocrx_word' id='word_1_72' title='bbox 2095 1025 2152 1076; x_wconf 91' lang='lat' dir='ltr'>in</span> 
     </span>
     <span class='ocr_line' id='line_1_9' title="bbox 326 1107 2151 1182; baseline 0.004 -23"><span class='ocrx_word' id='word_1_73' title='bbox 326 1107 410 1160; x_wconf 87' lang='lat' dir='ltr'>his</span> <span class='ocrx_word' id='word_1_74' title='bbox 449 1107 668 1160; x_wconf 90' lang='lat' dir='ltr'>minutis</span> <span class='ocrx_word' id='word_1_75' title='bbox 706 1108 965 1174; x_wconf 90' lang='lat' dir='ltr'>frustulis,</span> <span class='ocrx_word' id='word_1_76' title='bbox 1021 1117 1130 1160; x_wconf 87' lang='lat' dir='ltr'>tam</span> <span class='ocrx_word' id='word_1_77' title='bbox 1181 1110 1363 1163; x_wconf 87' lang='lat' dir='ltr'>multis</span> <span class='ocrx_word' id='word_1_78' title='bbox 1404 1110 1827 1164; x_wconf 85' lang='lat' dir='ltr'>dubitationibus</span> <span class='ocrx_word' id='word_1_79' title='bbox 1866 1113 2151 1182; x_wconf 71' lang='lat' dir='ltr'>obstrictis,</span> 
     </span>
     <span class='ocr_line' id='line_1_10' title="bbox 326 1199 2153 1270; baseline 0.003 -20"><span class='ocrx_word' id='word_1_80' title='bbox 326 1215 456 1267; x_wconf 88' lang='lat' dir='ltr'>quas</span> <span class='ocrx_word' id='word_1_81' title='bbox 490 1217 558 1251; x_wconf 93' lang='lat' dir='ltr'>ne</span> <span class='ocrx_word' id='word_1_82' title='bbox 603 1217 852 1252; x_wconf 89' lang='lat' dir='ltr'>enarrare</span> <span class='ocrx_word' id='word_1_83' title='bbox 893 1199 1109 1270; x_wconf 87' lang='lat' dir='ltr'>quidem</span> <span class='ocrx_word' id='word_1_84' title='bbox 1147 1200 1322 1270; x_wconf 88' lang='lat' dir='ltr'>possis</span> <span class='ocrx_word' id='word_1_85' title='bbox 1363 1200 1466 1253; x_wconf 88' lang='lat' dir='ltr'>nisi</span> <span class='ocrx_word' id='word_1_86' title='bbox 1504 1200 1842 1254; x_wconf 85' lang='lat' dir='ltr'>intoleranda</span> <span class='ocrx_word' id='word_1_87' title='bbox 1876 1203 2153 1255; x_wconf 86' lang='lat' dir='ltr'>uolumina</span> 
     </span>
     <span class='ocr_line' id='line_1_11' title="bbox 325 1283 2151 1358; baseline 0.002 -17"><span class='ocrx_word' id='word_1_88' title='bbox 325 1289 664 1342; x_wconf 83' lang='lat' dir='ltr'>conscribere</span> <span class='ocrx_word' id='word_1_89' title='bbox 701 1290 855 1357; x_wconf 87' lang='lat' dir='ltr'>uelis,</span> <span class='ocrx_word' id='word_1_90' title='bbox 905 1290 959 1342; x_wconf 89' lang='lat' dir='ltr'>id</span> <span class='ocrx_word' id='word_1_91' title='bbox 996 1283 1155 1342; x_wconf 87' lang='lat' dir='ltr'>unice</span> <span class='ocrx_word' id='word_1_92' title='bbox 1209 1308 1399 1343; x_wconf 90' lang='lat' dir='ltr'>uerum</span> <span class='ocrx_word' id='word_1_93' title='bbox 1450 1291 1680 1358; x_wconf 86' lang='lat' dir='ltr'>uidetur,</span> <span class='ocrx_word' id='word_1_94' title='bbox 1735 1301 1794 1345; x_wconf 90' lang='lat' dir='ltr'>ut</span> <span class='ocrx_word' id='word_1_95' title='bbox 1847 1292 2151 1346; x_wconf 88' lang='lat' dir='ltr'>testimonia</span> 
     </span>
     <span class='ocr_line' id='line_1_12' title="bbox 323 1379 2150 1455; baseline 0.003 -23"><span class='ocrx_word' id='word_1_96' title='bbox 323 1379 563 1450; x_wconf 86' lang='lat' dir='ltr'>sequaris</span> <span class='ocrx_word' id='word_1_97' title='bbox 591 1389 643 1432; x_wconf 92' lang='lat' dir='ltr'>et</span> <span class='ocrx_word' id='word_1_98' title='bbox 670 1389 895 1433; x_wconf 81' lang='lat' dir='ltr'>externa</span> <span class='ocrx_word' id='word_1_99' title='bbox 920 1381 1118 1434; x_wconf 88' lang='lat' dir='ltr'>indicia</span> <span class='ocrx_word' id='word_1_100' title='bbox 1149 1382 1339 1453; x_wconf 87' lang='lat' dir='ltr'>quibus</span> <span class='ocrx_word' id='word_1_101' title='bbox 1375 1382 1588 1436; x_wconf 82' lang='lat' dir='ltr'>innixus</span> <span class='ocrx_word' id='word_1_102' title='bbox 1613 1382 2150 1455; x_wconf 48' lang='lat' dir='ltr'>singula&#39;fragmenta</span> 
     </span>
     <span class='ocr_line' id='line_1_13' title="bbox 325 1469 2147 1544; baseline 0.003 -23"><span class='ocrx_word' id='word_1_103' title='bbox 325 1469 610 1522; x_wconf 85' lang='lat' dir='ltr'>distribuas</span> <span class='ocrx_word' id='word_1_104' title='bbox 649 1478 902 1539; x_wconf 86' lang='lat' dir='ltr'>quantum</span> <span class='ocrx_word' id='word_1_105' title='bbox 943 1471 1055 1522; x_wconf 91' lang='lat' dir='ltr'>ullo</span> <span class='ocrx_word' id='word_1_106' title='bbox 1092 1471 1254 1523; x_wconf 90' lang='lat' dir='ltr'>modo</span> <span class='ocrx_word' id='word_1_107' title='bbox 1302 1472 1419 1524; x_wconf 85' lang='lat' dir='ltr'>fieri</span> <span class='ocrx_word' id='word_1_108' title='bbox 1472 1473 1641 1542; x_wconf 86' lang='lat' dir='ltr'>possit</span> <span class='ocrx_word' id='word_1_109' title='bbox 1686 1473 2003 1544; x_wconf 82' lang='lat' dir='ltr'>inuestigeS,</span> <span class='ocrx_word' id='word_1_110' title='bbox 2052 1475 2147 1528; x_wconf 84' lang='lat' dir='ltr'>sed</span> 
     </span>
     <span class='ocr_line' id='line_1_14' title="bbox 324 1559 2149 1634; baseline 0.003 -22"><span class='ocrx_word' id='word_1_111' title='bbox 324 1560 406 1614; x_wconf 91' lang='lat' dir='ltr'>his</span> <span class='ocrx_word' id='word_1_112' title='bbox 447 1559 664 1613; x_wconf 90' lang='lat' dir='ltr'>omnino</span> <span class='ocrx_word' id='word_1_113' title='bbox 707 1560 1077 1614; x_wconf 88' lang='lat' dir='ltr'>deficientibus</span> <span class='ocrx_word' id='word_1_114' title='bbox 1115 1569 1203 1612; x_wconf 89' lang='lat' dir='ltr'>aut</span> <span class='ocrx_word' id='word_1_115' title='bbox 1253 1561 1427 1614; x_wconf 86' lang='lat' dir='ltr'>dubiis</span> <span class='ocrx_word' id='word_1_116' title='bbox 1468 1580 1625 1630; x_wconf 87' lang='lat' dir='ltr'>quam</span> <span class='ocrx_word' id='word_1_117' title='bbox 1664 1563 1985 1634; x_wconf 87' lang='lat' dir='ltr'>paucissima</span> <span class='ocrx_word' id='word_1_118' title='bbox 2019 1573 2149 1617; x_wconf 88' lang='lat' dir='ltr'>tam—</span> 
     </span>
     <span class='ocr_line' id='line_1_15' title="bbox 323 1651 2143 1723; baseline 0.002 -21"><span class='ocrx_word' id='word_1_119' title='bbox 323 1670 481 1720; x_wconf 88' lang='lat' dir='ltr'>quam</span> <span class='ocrx_word' id='word_1_120' title='bbox 516 1651 722 1703; x_wconf 89' lang='lat' dir='ltr'>incerta</span> <span class='ocrx_word' id='word_1_121' title='bbox 758 1651 1033 1722; x_wconf 82' lang='lat' dir='ltr'>relinquas</span> <span class='ocrx_word' id='word_1_122' title='bbox 1074 1660 1126 1703; x_wconf 92' lang='lat' dir='ltr'>et</span> <span class='ocrx_word' id='word_1_123' title='bbox 1167 1671 1264 1723; x_wconf 88' lang='lat' dir='ltr'>pro</span> <span class='ocrx_word' id='word_1_124' title='bbox 1303 1651 1487 1704; x_wconf 85' lang='lat' dir='ltr'>indole</span> <span class='ocrx_word' id='word_1_125' title='bbox 1532 1660 1584 1705; x_wconf 94' lang='lat' dir='ltr'>et</span> <span class='ocrx_word' id='word_1_126' title='bbox 1621 1653 1826 1707; x_wconf 86' lang='lat' dir='ltr'>ratione</span> <span class='ocrx_word' id='word_1_127' title='bbox 1871 1655 2143 1708; x_wconf 86' lang='lat' dir='ltr'>uariorum</span> 
     </span>
     <span class='ocr_line' id='line_1_16' title="bbox 323 1728 2147 1815; baseline 0.002 -20"><span class='ocrx_word' id='word_1_128' title='bbox 323 1760 547 1814; x_wconf 91' lang='lat' dir='ltr'>operum</span> <span class='ocrx_word' id='word_1_129' title='bbox 601 1743 814 1812; x_wconf 88' lang='lat' dir='ltr'>singula</span> <span class='ocrx_word' id='word_1_130' title='bbox 863 1743 940 1794; x_wconf 89' lang='lat' dir='ltr'>eis</span> <span class='ocrx_word' id='word_1_131' title='bbox 990 1742 1260 1795; x_wconf 89' lang='lat' dir='ltr'>adscribas</span> <span class='ocrx_word' id='word_1_132' title='bbox 1298 1743 1450 1796; x_wconf 87' lang='lat' dir='ltr'>libris</span> <span class='ocrx_word' id='word_1_133' title='bbox 1503 1743 1559 1796; x_wconf 91' lang='lat' dir='ltr'>in</span> <span class='ocrx_word' id='word_1_134' title='bbox 1610 1763 1837 1814; x_wconf 78' lang='lat' dir='ltr'>quoium</span> <span class='ocrx_word' id='word_1_135' title='bbox 1886 1728 2147 1815; x_wconf 86' lang='lat' dir='ltr'>quadrant</span> 
     </span>
     <span class='ocr_line' id='line_1_17' title="bbox 322 1833 2143 1930; baseline 0.002 -45"><span class='ocrx_word' id='word_1_136' title='bbox 322 1840 716 1903; x_wconf 82' lang='lat' dir='ltr'>argumentum.</span> <span class='ocrx_word' id='word_1_137' title='bbox 774 1834 841 1885; x_wconf 89' lang='lat' dir='ltr'>de</span> <span class='ocrx_word' id='word_1_138' title='bbox 895 1833 1085 1902; x_wconf 89' lang='lat' dir='ltr'>quibus</span> <span class='ocrx_word' id='word_1_139' title='bbox 1145 1842 1322 1886; x_wconf 89' lang='lat' dir='ltr'>autem</span> <span class='ocrx_word' id='word_1_140' title='bbox 1374 1853 1440 1886; x_wconf 90' lang='lat' dir='ltr'>ne</span> <span class='ocrx_word' id='word_1_141' title='bbox 1497 1835 1572 1887; x_wconf 88' lang='lat' dir='ltr'>sic</span> <span class='ocrx_word' id='word_1_142' title='bbox 1625 1834 1841 1906; x_wconf 87' lang='lat' dir='ltr'>quidem</span> <span class='ocrx_word' id='word_1_143' title='bbox 1898 1844 2143 1930; x_wconf 84' lang='lat' dir='ltr'>constare</span> 
     </span>
     <span class='ocr_line' id='line_1_18' title="bbox 323 1923 1815 1996; baseline 0.001 -21"><span class='ocrx_word' id='word_1_144' title='bbox 323 1923 717 1992; x_wconf 88' lang='lat' dir='ltr'>quodammodo</span> <span class='ocrx_word' id='word_1_145' title='bbox 757 1923 1058 1990; x_wconf 89' lang='lat' dir='ltr'>uidebatur,</span> <span class='ocrx_word' id='word_1_146' title='bbox 1097 1941 1157 1975; x_wconf 90' lang='lat' dir='ltr'>ea</span> <span class='ocrx_word' id='word_1_147' title='bbox 1190 1923 1256 1974; x_wconf 89' lang='lat' dir='ltr'>ad</span> <span class='ocrx_word' id='word_1_148' title='bbox 1296 1923 1498 1975; x_wconf 89' lang='lat' dir='ltr'>calcem</span> <span class='ocrx_word' id='word_1_149' title='bbox 1542 1925 1815 1996; x_wconf 87' lang='lat' dir='ltr'>conposui</span> 
     </span>
    </p>

    <p class='ocr_par' dir='ltr' id='par_1_5' title="bbox 314 2014 2164 3534">
     <span class='ocr_line' id='line_1_19' title="bbox 483 2014 2141 2086; baseline 0 -18"><span class='ocrx_word' id='word_1_150' title='bbox 483 2015 650 2068; x_wconf 90' lang='lat' dir='ltr'>Libro</span> <span class='ocrx_word' id='word_1_151' title='bbox 689 2015 1067 2067; x_wconf 89' lang='lat' dir='ltr'>undecimo</span> <span class='ocrx_word' id='word_1_152' title='bbox 1107 2014 1491 2067; x_wconf 87' lang='lat' dir='ltr'>declinationes</span> <span class='ocrx_word' id='word_1_153' title='bbox 1522 2014 1597 2066; x_wconf 89' lang='lat' dir='ltr'>ita</span> <span class='ocrx_word' id='word_1_154' title='bbox 1631 2016 1944 2086; x_wconf 86' lang='lat' dir='ltr'>exposuisse</span> <span class='ocrx_word' id='word_1_155' title='bbox 1965 2014 2141 2069; x_wconf 81' lang='lat' dir='ltr'>Varro</span> 
     </span>
     <span class='ocr_line' id='line_1_20' title="bbox 318 2103 2139 2178; baseline 0.001 -20"><span class='ocrx_word' id='word_1_156' title='bbox 318 2106 550 2172; x_wconf 89' lang='lat' dir='ltr'>uidetur,</span> <span class='ocrx_word' id='word_1_157' title='bbox 587 2113 648 2157; x_wconf 87' lang='lat' dir='ltr'>ut</span> <span class='ocrx_word' id='word_1_158' title='bbox 684 2123 887 2176; x_wconf 85' lang='lat' dir='ltr'>genera</span> <span class='ocrx_word' id='word_1_159' title='bbox 926 2103 1210 2156; x_wconf 85' lang='lat' dir='ltr'>numerum</span> <span class='ocrx_word' id='word_1_160' title='bbox 1238 2124 1391 2156; x_wconf 89' lang='lat' dir='ltr'>casus</span> <span class='ocrx_word' id='word_1_161' title='bbox 1419 2103 1674 2176; x_wconf 86' lang='lat' dir='ltr'>deinceps</span> <span class='ocrx_word' id='word_1_162' title='bbox 1705 2113 2139 2178; x_wconf 84' lang='lat' dir='ltr'>persequeretur,</span> 
     </span>
     <span class='ocr_line' id='line_1_21' title="bbox 319 2194 2141 2268; baseline -0.001 -19"><span class='ocrx_word' id='word_1_163' title='bbox 319 2194 775 2268; x_wconf 85' lang='lat' dir='ltr'>quemadmodum</span> <span class='ocrx_word' id='word_1_164' title='bbox 811 2195 959 2248; x_wconf 86' lang='lat' dir='ltr'>VIII</span> <span class='ocrx_word' id='word_1_165' title='bbox 978 2194 1045 2245; x_wconf 85' lang='lat'>46</span> <span class='ocrx_word' id='word_1_166' title='bbox 1084 2215 1135 2266; x_wconf 92' lang='lat' dir='ltr'>p.</span> <span class='ocrx_word' id='word_1_167' title='bbox 1159 2194 1261 2248; x_wconf 77' lang='lat'>425</span> <span class='ocrx_word' id='word_1_168' title='bbox 1282 2213 1358 2264; x_wconf 89' lang='lat' dir='ltr'>sq.</span> <span class='ocrx_word' id='word_1_169' title='bbox 1409 2194 1582 2247; x_wconf 86' lang='lat' dir='ltr'>VIIII</span> <span class='ocrx_word' id='word_1_170' title='bbox 1602 2194 1670 2249; x_wconf 91' lang='grc'>55</span> <span class='ocrx_word' id='word_1_171' title='bbox 1696 2213 1749 2266; x_wconf 91' lang='lat' dir='ltr'>p.</span> <span class='ocrx_word' id='word_1_172' title='bbox 1770 2195 1873 2248; x_wconf 81' lang='lat'>495</span> <span class='ocrx_word' id='word_1_173' title='bbox 1910 2217 1989 2268; x_wconf 84' lang='lat' dir='ltr'>sq.</span> <span class='ocrx_word' id='word_1_174' title='bbox 2049 2195 2141 2263; x_wconf 87' lang='lat' dir='ltr'>(cf.</span> 
     </span>
     <span class='ocr_line' id='line_1_22' title="bbox 317 2285 2142 2358; baseline 0.001 -21"><span class='ocrx_word' id='word_1_175' title='bbox 317 2285 456 2338; x_wconf 79' lang='lat' dir='ltr'>X22</span> <span class='ocrx_word' id='word_1_176' title='bbox 491 2285 686 2358; x_wconf 80' lang='lat' dir='ltr'><strong>p.556)</strong></span> <span class='ocrx_word' id='word_1_177' title='bbox 724 2286 869 2338; x_wconf 88' lang='lat' dir='ltr'>fecit.</span> <span class='ocrx_word' id='word_1_178' title='bbox 946 2286 1167 2340; x_wconf 80' lang='lat' dir='ltr'>Genera</span> <span class='ocrx_word' id='word_1_179' title='bbox 1213 2285 1432 2356; x_wconf 86' lang='lat' dir='ltr'>proprie</span> <span class='ocrx_word' id='word_1_180' title='bbox 1487 2303 1551 2337; x_wconf 90' lang='lat' dir='ltr'>ea</span> <span class='ocrx_word' id='word_1_181' title='bbox 1603 2303 1722 2338; x_wconf 87' lang='lat' dir='ltr'>esse</span> <span class='ocrx_word' id='word_1_182' title='bbox 1774 2285 1956 2339; x_wconf 90' lang='lat' dir='ltr'>docuit</span> <span class='ocrx_word' id='word_1_183' title='bbox 2009 2303 2142 2358; x_wconf 87' lang='lat' dir='ltr'>quae</span> 
     </span>
     <span class='ocr_line' id='line_1_23' title="bbox 316 2374 2143 2447; baseline 0 -18"><span class='ocrx_word' id='word_1_184' title='bbox 316 2385 506 2430; x_wconf 88' lang='lat' dir='ltr'>natura</span> <span class='ocrx_word' id='word_1_185' title='bbox 543 2377 651 2429; x_wconf 86' lang='lat' dir='ltr'>sint</span> <span class='ocrx_word' id='word_1_186' title='bbox 705 2376 796 2445; x_wconf 84' lang='lat' dir='ltr'>(cf.</span> <span class='ocrx_word' id='word_1_187' title='bbox 838 2384 1015 2428; x_wconf 89' lang='lat' dir='ltr'>autem</span> <span class='ocrx_word' id='word_1_188' title='bbox 1055 2375 1195 2427; x_wconf 86' lang='lat' dir='ltr'>VIII</span> <span class='ocrx_word' id='word_1_189' title='bbox 1214 2375 1282 2427; x_wconf 87' lang='grc'>55</span> <span class='ocrx_word' id='word_1_190' title='bbox 1321 2396 1371 2447; x_wconf 91' lang='lat' dir='ltr'>p.</span> <span class='ocrx_word' id='word_1_191' title='bbox 1397 2376 1524 2444; x_wconf 84' lang='lat'>495)</span> <span class='ocrx_word' id='word_1_192' title='bbox 1593 2388 1817 2446; x_wconf 85' lang='lat' dir='ltr'>eamque</span> <span class='ocrx_word' id='word_1_193' title='bbox 1856 2377 1912 2428; x_wconf 91' lang='lat' dir='ltr'>in</span> <span class='ocrx_word' id='word_1_194' title='bbox 1941 2374 2143 2429; x_wconf 64' lang='lat' dir='ltr'>&#39;anima&#39;-</span> 
     </span>
     <span class='ocr_line' id='line_1_24' title="bbox 317 2464 2142 2537; baseline 0 -17"><span class='ocrx_word' id='word_1_195' title='bbox 317 2464 458 2520; x_wconf 89' lang='lat' dir='ltr'>libus</span> <span class='ocrx_word' id='word_1_196' title='bbox 495 2467 823 2537; x_wconf 84' lang='lat' dir='ltr'>sequendam</span> <span class='ocrx_word' id='word_1_197' title='bbox 866 2485 983 2520; x_wconf 89' lang='lat' dir='ltr'>esse</span> <span class='ocrx_word' id='word_1_198' title='bbox 1025 2466 1113 2535; x_wconf 89' lang='lat' dir='ltr'>(fr.</span> <span class='ocrx_word' id='word_1_199' title='bbox 1137 2466 1259 2535; x_wconf 79' lang='lat'>69);</span> <span class='ocrx_word' id='word_1_200' title='bbox 1314 2466 1524 2534; x_wconf 82' lang='lat' dir='ltr'>quando</span> <span class='ocrx_word' id='word_1_201' title='bbox 1571 2465 1792 2518; x_wconf 90' lang='lat' dir='ltr'>dubium</span> <span class='ocrx_word' id='word_1_202' title='bbox 1841 2467 1910 2519; x_wconf 89' lang='lat' dir='ltr'>sit</span> <span class='ocrx_word' id='word_1_203' title='bbox 1949 2478 2142 2537; x_wconf 67' lang='lat' dir='ltr'>genus.</span> 
     </span>
     <span class='ocr_line' id='line_1_25' title="bbox 318 2554 2142 2628; baseline -0.001 -20"><span class='ocrx_word' id='word_1_204' title='bbox 318 2557 574 2627; x_wconf 83' lang='lat' dir='ltr'>cognosci</span> <span class='ocrx_word' id='word_1_205' title='bbox 595 2557 649 2608; x_wconf 91' lang='lat' dir='ltr'>id</span> <span class='ocrx_word' id='word_1_206' title='bbox 668 2574 822 2628; x_wconf 88' lang='lat' dir='ltr'>posse</span> <span class='ocrx_word' id='word_1_207' title='bbox 846 2574 917 2608; x_wconf 80' lang='lat' dir='ltr'>ex</span> <span class='ocrx_word' id='word_1_208' title='bbox 942 2554 1286 2608; x_wconf 89' lang='lat' dir='ltr'>deminutiuis</span> <span class='ocrx_word' id='word_1_209' title='bbox 1309 2556 1399 2620; x_wconf 84' lang='lat' dir='ltr'>(fr.</span> <span class='ocrx_word' id='word_1_210' title='bbox 1423 2555 1509 2620; x_wconf 78' lang='lat'>10)</span> <span class='ocrx_word' id='word_1_211' title='bbox 1532 2572 1666 2622; x_wconf 86' lang='lat' dir='ltr'>quae</span> <span class='ocrx_word' id='word_1_212' title='bbox 1693 2554 1874 2626; x_wconf 90' lang='lat' dir='ltr'>paucis</span> <span class='ocrx_word' id='word_1_213' title='bbox 1901 2555 2142 2627; x_wconf 86' lang='lat' dir='ltr'>exceptis</span> 
     </span>
     <span class='ocr_line' id='line_1_26' title="bbox 315 2644 2142 2718; baseline -0.002 -19"><span class='ocrx_word' id='word_1_214' title='bbox 315 2665 490 2716; x_wconf 88' lang='lat' dir='ltr'>genus</span> <span class='ocrx_word' id='word_1_215' title='bbox 529 2648 918 2700; x_wconf 89' lang='lat' dir='ltr'>uocabulorum</span> <span class='ocrx_word' id='word_1_216' title='bbox 963 2645 1340 2718; x_wconf 87' lang='lat' dir='ltr'>principalium</span> <span class='ocrx_word' id='word_1_217' title='bbox 1383 2644 1652 2696; x_wconf 84' lang='lat' dir='ltr'>retineant</span> <span class='ocrx_word' id='word_1_218' title='bbox 1688 2647 1775 2710; x_wconf 87' lang='lat' dir='ltr'>(fr.</span> <span class='ocrx_word' id='word_1_219' title='bbox 1803 2645 1906 2714; x_wconf 90' lang='grc'><strong>11).</strong></span> <span class='ocrx_word' id='word_1_220' title='bbox 1942 2644 2142 2713; x_wconf 86' lang='lat' dir='ltr'>ubique</span> 
     </span>
     <span class='ocr_line' id='line_1_27' title="bbox 319 2733 2146 2806; baseline -0.003 -16"><span class='ocrx_word' id='word_1_221' title='bbox 319 2737 601 2806; x_wconf 87' lang='lat' dir='ltr'>analogiae</span> <span class='ocrx_word' id='word_1_222' title='bbox 640 2737 875 2789; x_wconf 85' lang='lat' dir='ltr'>studium</span> <span class='ocrx_word' id='word_1_223' title='bbox 916 2736 972 2788; x_wconf 89' lang='lat' dir='ltr'>in</span> <span class='ocrx_word' id='word_1_224' title='bbox 1025 2735 1252 2803; x_wconf 87' lang='lat' dir='ltr'>singulis</span> <span class='ocrx_word' id='word_1_225' title='bbox 1302 2733 1592 2786; x_wconf 88' lang='lat' dir='ltr'>tractandis</span> <span class='ocrx_word' id='word_1_226' title='bbox 1645 2734 1997 2803; x_wconf 88' lang='lat' dir='ltr'>conspicuum</span> <span class='ocrx_word' id='word_1_227' title='bbox 2049 2742 2146 2801; x_wconf 88' lang='lat' dir='ltr'>est,</span> 
     </span>
     <span class='ocr_line' id='line_1_28' title="bbox 317 2823 2144 2896; baseline -0.003 -17"><span class='ocrx_word' id='word_1_228' title='bbox 317 2828 581 2881; x_wconf 86' lang='lat' dir='ltr'>uocabula</span> <span class='ocrx_word' id='word_1_229' title='bbox 620 2845 816 2896; x_wconf 88' lang='lat' dir='ltr'>graeca</span> <span class='ocrx_word' id='word_1_230' title='bbox 853 2827 907 2877; x_wconf 91' lang='lat' dir='ltr'>in</span> <span class='ocrx_word' id='word_1_231' title='bbox 947 2844 1052 2893; x_wconf 83' lang='grc' dir='ltr'>-ης,</span> <span class='ocrx_word' id='word_1_232' title='bbox 1093 2844 1227 2896; x_wconf 88' lang='lat' dir='ltr'>quae</span> <span class='ocrx_word' id='word_1_233' title='bbox 1269 2824 1610 2893; x_wconf 87' lang='lat' dir='ltr'>antiquorum</span> <span class='ocrx_word' id='word_1_234' title='bbox 1651 2823 1742 2875; x_wconf 89' lang='lat' dir='ltr'>alii</span> <span class='ocrx_word' id='word_1_235' title='bbox 1783 2824 1941 2875; x_wconf 88' lang='lat' dir='ltr'>aliter</span> <span class='ocrx_word' id='word_1_236' title='bbox 1982 2823 2144 2876; x_wconf 88' lang='lat' dir='ltr'>decli-</span> 
     </span>
     <span class='ocr_line' id='line_1_29' title="bbox 318 2907 2164 2986; baseline -0.003 -15"><span class='ocrx_word' id='word_1_237' title='bbox 318 2925 598 2986; x_wconf 87' lang='lat' dir='ltr'>nauerant,</span> <span class='ocrx_word' id='word_1_238' title='bbox 632 2918 810 2970; x_wconf 86' lang='lat' dir='ltr'>omnia</span> <span class='ocrx_word' id='word_1_239' title='bbox 849 2937 878 2969; x_wconf 90' lang='lat' dir='ltr'>a</span> <span class='ocrx_word' id='word_1_240' title='bbox 914 2916 1093 2968; x_wconf 81' lang='lat' dir='ltr'>littera</span> <span class='ocrx_word' id='word_1_241' title='bbox 1117 2916 1259 2967; x_wconf 84' lang='lat' dir='ltr'>fini1i</span> <span class='ocrx_word' id='word_1_242' title='bbox 1291 2923 1343 2967; x_wconf 90' lang='lat' dir='ltr'>et</span> <span class='ocrx_word' id='word_1_243' title='bbox 1371 2915 1629 2967; x_wconf 88' lang='lat' dir='ltr'>feminino</span> <span class='ocrx_word' id='word_1_244' title='bbox 1668 2932 1872 2984; x_wconf 75' lang='lat' dir='ltr'>geneie</span> <span class='ocrx_word' id='word_1_245' title='bbox 1910 2907 2164 2985; x_wconf 63' lang='lat' dir='ltr'>proferri⁴</span> 
     </span>
     <span class='ocr_line' id='line_1_30' title="bbox 318 3003 2145 3078; baseline -0.004 -17"><span class='ocrx_word' id='word_1_246' title='bbox 318 3008 487 3078; x_wconf 88' lang='lat' dir='ltr'>iussit,</span> <span class='ocrx_word' id='word_1_247' title='bbox 527 3016 587 3061; x_wconf 92' lang='lat' dir='ltr'>ut</span> <span class='ocrx_word' id='word_1_248' title='bbox 625 3007 808 3060; x_wconf 87' lang='lat' dir='ltr'>charta</span> <span class='ocrx_word' id='word_1_249' title='bbox 840 3007 1062 3060; x_wconf 89' lang='lat' dir='ltr'>cochlea</span> <span class='ocrx_word' id='word_1_250' title='bbox 1093 3008 1181 3067; x_wconf 86' lang='lat' dir='ltr'>(fr.</span> <span class='ocrx_word' id='word_1_251' title='bbox 1203 3005 1308 3073; x_wconf 80' lang='lat'>14),</span> <span class='ocrx_word' id='word_1_252' title='bbox 1347 3005 1495 3057; x_wconf 84' lang='lat' dir='ltr'>‘dies’</span> <span class='ocrx_word' id='word_1_253' title='bbox 1537 3023 1645 3057; x_wconf 89' lang='grc'><strong>11011</strong></span> <span class='ocrx_word' id='word_1_254' title='bbox 1683 3004 1799 3056; x_wconf 89' lang='lat' dir='ltr'>sine</span> <span class='ocrx_word' id='word_1_255' title='bbox 1837 3003 2145 3056; x_wconf 88' lang='lat' dir='ltr'>discrimine</span> 
     </span>
     <span class='ocr_line' id='line_1_31' title="bbox 316 3093 2144 3167; baseline -0.004 -14"><span class='ocrx_word' id='word_1_256' title='bbox 316 3101 614 3154; x_wconf 89' lang='lat' dir='ltr'>masculino</span> <span class='ocrx_word' id='word_1_257' title='bbox 656 3107 708 3151; x_wconf 86' lang='lat' dir='ltr'>et</span> <span class='ocrx_word' id='word_1_258' title='bbox 743 3098 999 3151; x_wconf 81' lang='lat' dir='ltr'>feminino</span> <span class='ocrx_word' id='word_1_259' title='bbox 1037 3115 1242 3167; x_wconf 85' lang='lat' dir='ltr'>genere</span> <span class='ocrx_word' id='word_1_260' title='bbox 1277 3096 1565 3148; x_wconf 88' lang='lat' dir='ltr'>dicendum</span> <span class='ocrx_word' id='word_1_261' title='bbox 1603 3113 1737 3164; x_wconf 85' lang='lat' dir='ltr'>esse,</span> <span class='ocrx_word' id='word_1_262' title='bbox 1795 3094 1890 3147; x_wconf 87' lang='lat' dir='ltr'>sed</span> <span class='ocrx_word' id='word_1_263' title='bbox 1927 3093 2063 3146; x_wconf 88' lang='lat' dir='ltr'>illud</span> <span class='ocrx_word' id='word_1_264' title='bbox 2102 3093 2144 3145; x_wconf 87' lang='lat' dir='ltr'>si</span> 
     </span>
     <span class='ocr_line' id='line_1_32' title="bbox 317 3175 2140 3261; baseline -0.005 -16"><span class='ocrx_word' id='word_1_265' title='bbox 317 3211 484 3245; x_wconf 89' lang='lat' dir='ltr'>unum</span> <span class='ocrx_word' id='word_1_266' title='bbox 520 3191 678 3258; x_wconf 88' lang='lat' dir='ltr'>diem,</span> <span class='ocrx_word' id='word_1_267' title='bbox 711 3191 815 3243; x_wconf 93' lang='lat' dir='ltr'>hoc</span> <span class='ocrx_word' id='word_1_268' title='bbox 857 3190 901 3242; x_wconf 93' lang='lat' dir='ltr'>si</span> <span class='ocrx_word' id='word_1_269' title='bbox 943 3189 1200 3261; x_wconf 88' lang='lat' dir='ltr'>temporis</span> <span class='ocrx_word' id='word_1_270' title='bbox 1237 3187 1467 3260; x_wconf 89' lang='lat' dir='ltr'>spatium</span> <span class='ocrx_word' id='word_1_271' title='bbox 1506 3186 1776 3257; x_wconf 88' lang='lat' dir='ltr'>significet</span> <span class='ocrx_word' id='word_1_272' title='bbox 1811 3185 1898 3254; x_wconf 87' lang='lat' dir='ltr'>(fr.</span> <span class='ocrx_word' id='word_1_273' title='bbox 1916 3175 2017 3249; x_wconf 70' lang='lat'><strong>1⁴2).</strong></span> <span class='ocrx_word' id='word_1_274' title='bbox 2055 3183 2140 3236; x_wconf 89' lang='lat' dir='ltr'>De</span> 
     </span>
     <span class='ocr_line' id='line_1_33' title="bbox 318 3268 2138 3348; baseline -0.007 -10"><span class='ocrx_word' id='word_1_275' title='bbox 318 3268 542 3338; x_wconf 79' lang='lat' dir='ltr'>numero</span> <span class='ocrx_word' id='word_1_276' title='bbox 582 3282 928 3347; x_wconf 13' lang='lat' dir='ltr'>nihilssextat,</span> <span class='ocrx_word' id='word_1_277' title='bbox 980 3280 1080 3333; x_wconf 87' lang='lat' dir='ltr'>nisi</span> <span class='ocrx_word' id='word_1_278' title='bbox 1122 3279 1232 3331; x_wconf 80' lang='lat' dir='ltr'>‘uis’</span> <span class='ocrx_word' id='word_1_279' title='bbox 1288 3279 1449 3331; x_wconf 88' lang='lat' dir='ltr'>ctiam</span> <span class='ocrx_word' id='word_1_280' title='bbox 1497 3278 1552 3330; x_wconf 89' lang='lat' dir='ltr'>in</span> <span class='ocrx_word' id='word_1_281' title='bbox 1593 3277 1787 3348; x_wconf 86' lang='lat' dir='ltr'>plurali</span> <span class='ocrx_word' id='word_1_282' title='bbox 1829 3293 1951 3327; x_wconf 91' lang='lat' dir='ltr'>eum</span> <span class='ocrx_word' id='word_1_283' title='bbox 1985 3291 2138 3344; x_wconf 89' lang='lat' dir='ltr'>prae-</span> 
     </span>
     <span class='ocr_line' id='line_1_34' title="bbox 319 3365 2139 3447; baseline -0.007 -19"><span class='ocrx_word' id='word_1_284' title='bbox 319 3375 524 3447; x_wconf 84' lang='lat' dir='ltr'>cepisse</span> <span class='ocrx_word' id='word_1_285' title='bbox 549 3374 636 3443; x_wconf 81' lang='lat' dir='ltr'>(fr.</span> <span class='ocrx_word' id='word_1_286' title='bbox 657 3375 760 3442; x_wconf 60' lang='lat'>15),</span> <span class='ocrx_word' id='word_1_287' title='bbox 797 3372 870 3425; x_wconf 87' lang='lat' dir='ltr'>ita</span> <span class='ocrx_word' id='word_1_288' title='bbox 913 3370 1054 3422; x_wconf 89' lang='lat' dir='ltr'>enim</span> <span class='ocrx_word' id='word_1_289' title='bbox 1083 3378 1142 3421; x_wconf 89' lang='lat' dir='ltr'>ut</span> <span class='ocrx_word' id='word_1_290' title='bbox 1160 3369 1401 3421; x_wconf 88' lang='lat' dir='ltr'>Probum</span> <span class='ocrx_word' id='word_1_291' title='bbox 1425 3371 1498 3439; x_wconf 79' lang='lat' dir='ltr'>(p.</span> <span class='ocrx_word' id='word_1_292' title='bbox 1519 3369 1602 3434; x_wconf 83' lang='lat'>31,</span> <span class='ocrx_word' id='word_1_293' title='bbox 1627 3368 1654 3418; x_wconf 92' lang='grc'>1</span> <span class='ocrx_word' id='word_1_294' title='bbox 1681 3365 1775 3433; x_wconf 90' lang='grc' dir='ltr'>Κ.)</span> <span class='ocrx_word' id='word_1_295' title='bbox 1795 3365 2139 3436; x_wconf 83' lang='lat' dir='ltr'>interpreter,</span> 
     </span>
     <span class='ocr_line' id='line_1_35' title="bbox 314 3456 2140 3534; baseline -0.006 -16"><span class='ocrx_word' id='word_1_296' title='bbox 314 3466 548 3519; x_wconf 86' lang='lat' dir='ltr'>alterum</span> <span class='ocrx_word' id='word_1_297' title='bbox 583 3466 949 3534; x_wconf 86' lang='lat' dir='ltr'>fragmentum</span> <span class='ocrx_word' id='word_1_298' title='bbox 989 3480 1016 3514; x_wconf 94' lang='lat' dir='ltr'>e</span> <span class='ocrx_word' id='word_1_299' title='bbox 1053 3460 1204 3514; x_wconf 85' lang='lat' dir='ltr'>libris</span> <span class='ocrx_word' id='word_1_300' title='bbox 1247 3460 1314 3513; x_wconf 89' lang='lat' dir='ltr'>de</span> <span class='ocrx_word' id='word_1_301' title='bbox 1355 3461 1389 3512; x_wconf 92' lang='grc'>1.</span> <span class='ocrx_word' id='word_1_302' title='bbox 1414 3461 1449 3512; x_wconf 92' lang='lat' dir='ltr'>l.</span> <span class='ocrx_word' id='word_1_303' title='bbox 1487 3479 1517 3510; x_wconf 86' lang='lat' dir='ltr'>a</span> <span class='ocrx_word' id='word_1_304' title='bbox 1555 3457 1735 3510; x_wconf 89' lang='lat' dir='ltr'>Probo</span> <span class='ocrx_word' id='word_1_305' title='bbox 1771 3456 1952 3510; x_wconf 86' lang='lat' dir='ltr'>statim</span> <span class='ocrx_word' id='word_1_306' title='bbox 1986 3473 2140 3526; x_wconf 87' lang='lat' dir='ltr'>prae-</span> 
     </span>
    </p>
   </div>
   <div class='ocr_carea' id='block_1_5' title="bbox 2174 0 2236 267">
    <p class='ocr_par' dir='ltr' id='par_1_6' title="bbox 2174 0 2236 267">
     <span class='ocr_line' id='line_1_36' title="bbox 2174 0 2236 267; baseline 0 3763"><span class='ocrx_word' id='word_1_307' title='bbox 2174 0 2236 267; x_wconf 95' lang='lat' dir='ltr'> </span> 
     </span>
    </p>
   </div>
   <div class='ocr_carea' id='block_1_6' title="bbox 317 3553 2225 3623">
    <p class='ocr_par' dir='ltr' id='par_1_7' title="bbox 317 3553 2225 3623">
     <span class='ocr_line' id='line_1_37' title="bbox 317 3553 2225 3623; baseline -0.003 -15"><span class='ocrx_word' id='word_1_308' title='bbox 317 3556 537 3610; x_wconf 88' lang='lat' dir='ltr'>missum</span> <span class='ocrx_word' id='word_1_309' title='bbox 566 3559 631 3610; x_wconf 90' lang='lat' dir='ltr'>de</span> <span class='ocrx_word' id='word_1_310' title='bbox 652 3558 810 3610; x_wconf 85' lang='lat' dir='ltr'>‘uade</span> <span class='ocrx_word' id='word_1_311' title='bbox 835 3566 887 3610; x_wconf 92' lang='lat' dir='ltr'>et</span> <span class='ocrx_word' id='word_1_312' title='bbox 912 3556 1054 3609; x_wconf 91' lang='lat' dir='ltr'>uase’</span> <span class='ocrx_word' id='word_1_313' title='bbox 1081 3555 1166 3622; x_wconf 88' lang='lat' dir='ltr'>(fr.</span> <span class='ocrx_word' id='word_1_314' title='bbox 1189 3556 1273 3623; x_wconf 84' lang='grc'>16)</span> <span class='ocrx_word' id='word_1_315' title='bbox 1303 3574 1388 3608; x_wconf 86' lang='grc'><strong>1116</strong></span> <span class='ocrx_word' id='word_1_316' title='bbox 1411 3563 1609 3608; x_wconf 88' lang='lat' dir='ltr'>mouet.</span> <span class='ocrx_word' id='word_1_317' title='bbox 1648 3554 1714 3607; x_wconf 88' lang='lat' dir='ltr'>de</span> <span class='ocrx_word' id='word_1_318' title='bbox 1749 3554 1832 3607; x_wconf 85' lang='lat' dir='ltr'>uis</span> <span class='ocrx_word' id='word_1_319' title='bbox 1875 3553 2140 3607; x_wconf 85' lang='lat' dir='ltr'>uocabulo</span> <span class='ocrx_word' id='word_1_320' title='bbox 2223 3575 2225 3578; x_wconf 60' lang='grc'>’</span> 
     </span>
    </p>
   </div>
  </div>
 </body>
</html>
