2358 4016
1203 289 1270 333 44

498 430 558 484 Si
613 429 701 502 qui
748 448 880 483 uero
917 431 1206 503 abruptum
1243 439 1296 483 et
1328 430 1631 500 neglegens
1669 431 1942 484 scribendi
1977 450 2152 503 genus

334 526 601 588 premunt,
637 519 892 570 monendi
929 527 1066 587 sunt,
1100 520 1405 572 Varronem
1443 519 1659 571 omnem
1695 528 1939 574 ornatum
1965 530 2017 575 et
2044 524 2152 575 ele-

334 609 640 678 gantiorem
700 610 1099 664 enuntiatorum
1157 610 1590 662 coniunctionem
1649 612 1895 666 consulto
1952 614 2152 668 uitasse

337 704 389 748 et
429 695 577 768 quasi
615 699 894 767 defugisse
939 699 1031 767 (cf.
1079 697 1145 752 G.
1184 699 1474 769 Scioppius
1516 700 1739 752 consult.
1781 700 1848 754 de
1891 703 2060 757 schol.
2101 712 2154 757 et

336 787 474 839 stud.
522 795 619 839 rat.
669 807 721 858 p.
759 789 843 840 50.
900 789 1000 841 Th.
1039 789 1342 841 Mommsen
1379 808 1543 842 roem.
1588 789 1790 846 Gesch.
1829 791 1916 844 III
1946 810 1998 862 p.
2025 793 2151 859 565)

336 893 564 946 eumque
618 875 873 930 Ciceroni
922 877 988 929 de
1042 877 1308 930 industria
1367 878 1623 930 obnixum
1676 897 1810 949 esse,
1869 890 2154 952 praeterea

335 973 515 1017 autem
550 965 617 1016 de
658 966 903 1019 omnibus
942 967 1307 1020 subtilioribus
1347 968 1480 1020 certi
1519 969 1809 1041 quidquam
1850 972 2009 1024 statui
2058 969 2153 1040 (ef.

339 1054 426 1107 W.
448 1054 515 1107 A.
539 1055 964 1108 Beckerztschr.
1005 1058 1040 1109 f.
1085 1057 1287 1109 altthw.
1338 1056 1469 1111 1845
1509 1077 1559 1128 p.
1582 1059 1700 1112 992.
1739 1058 1987 1132 Spengel
2022 1061 2153 1124 ibid.¹

340 1144 472 1196 1846
508 1163 559 1215 p.
585 1143 704 1212 143)
744 1152 868 1197 ante
908 1164 1018 1198 non
1055 1163 1214 1216 posse
1267 1164 1425 1214 quam
1481 1148 1546 1199 dc
1599 1147 1644 1199 F
1647 1148 1900 1201 lorentini
1953 1149 2155 1203 codicis

337 1236 426 1303 (cf.
466 1236 535 1288 A.
569 1236 675 1289 Mai
709 1238 880 1306 praef.
921 1237 989 1288 ad
1032 1236 1144 1290 Cic.
1183 1238 1250 1290 de
1289 1238 1498 1308 republ.
1542 1239 1744 1291 Romae
1797 1239 1929 1292 1822
1987 1259 2038 1312 p.
2058 1239 2150 1308 20;

339 1324 429 1377 W.
469 1324 704 1380 Corssen
743 1327 878 1398 orig.
917 1347 1062 1399 poes,
1097 1329 1250 1382 Rom.
1288 1350 1339 1401 p.
1378 1330 1473 1396 543
1547 1329 1794 1401 Spengel
1843 1330 2053 1385 emend.
2099 1331 2155 1382 in

340 1414 510 1467 Tacit.
532 1435 584 1486 p.
605 1415 663 1483 4)
698 1417 925 1486 singulis
958 1417 1093 1470 locis
1132 1426 1358 1486 constet,
1396 1437 1552 1487 quam
1591 1420 1658 1471 ob
1695 1437 1812 1471 rem
1848 1419 1933 1472 uir
1959 1420 2026 1472 cl.
2066 1421 2155 1489 qui

339 1504 469 1556 olim
521 1511 574 1556 et
618 1522 791 1576 nuper
831 1504 898 1558 de
935 1506 1183 1559 Varrone
1236 1507 1436 1578 optime
1486 1508 1696 1573 meruit,
1748 1514 1808 1559 ut
1863 1507 2157 1560 editionem

340 1615 497 1665 quam
526 1596 668 1649 intus
709 1604 887 1648 seruat
921 1596 977 1648 in
1010 1597 1191 1648 lucem
1223 1596 1387 1648 edere
1423 1597 1573 1665 uelit,
1614 1597 1773 1649 etia-m
1807 1605 1970 1669 atque
1998 1599 2158 1651 etiam

339 1686 615 1755 rogandus
655 1696 748 1741 est.

506 1776 658 1828 Haec
691 1777 735 1830 si
774 1776 1438 1848 probabiliterdisputata
1484 1785 1623 1846 sunt,
1669 1779 1847 1831 omnia
1885 1778 1952 1833 O.
1988 1779 2158 1832 Muel-

341 1867 440 1918 leri
499 1874 817 1937 argumenta
870 1868 1150 1938 ipsamque
1207 1867 1568 1919 coniecturam
1611 1867 1947 1921 festinantius
2003 1888 2160 1940 quam

342 1956 781 2026 circumspectius
830 1958 1091 2028 prolatam
1144 1956 1432 2009 concidere
1477 1957 1723 2011 uidimus,
1802 1977 1976 2027 neque
2027 1976 2159 2011 uero

339 2045 684 2116 perspicuum
724 2052 821 2111 est,
873 2045 1142 2114 quomodo
1180 2045 1279 2098 hos
1320 2045 1489 2098 libros
1527 2045 1583 2097 in
1628 2046 1808 2099 lucem
1845 2046 2165 2100 rediisse‘et

342 2135 410 2187 ad
445 2154 542 2188 nos
581 2135 796 2189 uenisse
834 2135 1169 2206 cogitauerit,
1223 2135 1312 2207 qui
1358 2138 1528 2207 praef.
1566 2137 1716 2190 Festi
1754 2157 1806 2208 p.
1830 2138 1996 2190 XXX
2029 2137 2164 2189 Ver-

341 2225 481 2278 rium
536 2226 790 2279 Flaccum
846 2225 919 2278 eis
970 2244 1124 2277 usum
1181 2243 1298 2279 csse
1345 2233 1528 2295 negat,
1585 2227 1725 2298 ‘quia
1780 2226 2167 2280 delitescebant

345 2317 618 2368 etiamtum
655 2318 743 2369 uel
782 2335 889 2370 non
932 2336 994 2370 ea
1029 2317 1347 2370 auctoritate
1386 2317 1443 2369 in
1479 2318 1758 2388 publicum
1814 2317 1943 2369 editi
2001 2324 2166 2383 erant,

343 2415 401 2459 ut
422 2407 648 2461 Verrius
668 2408 930 2461 Varronis
964 2407 1166 2460 nomini
1193 2407 1434 2478 praefixo
1473 2406 1600 2459 satis
1638 2406 1968 2460 confideret‘.
2006 2406 2166 2476 plane

344 2516 473 2550 uero
512 2516 736 2552 necesse
777 2506 870 2566 est,
912 2517 1002 2551 eos
1040 2506 1129 2551 aut
1168 2517 1297 2550 mox
1337 2506 1456 2570 post
1493 2497 1642 2549 illam
1679 2497 2057 2569 spoliationem
2098 2495 2164 2548 ab

345 2608 408 2641 eo
439 2589 530 2658 qui
552 2590 836 2660 quominus
865 2597 978 2642 tum
1009 2589 1295 2651 interirent
1315 2588 1668 2660 prohibuerat
1692 2584 1930 2659 pr01atos
1953 2605 2087 2656 esse,
2116 2592 2169 2638 et

345 2683 652 2735 Varronem
674 2681 766 2750 qui
798 2681 900 2733 tria
923 2680 1195 2752 posthanc
1217 2678 1574 2731 calamitatem
1596 2679 1764 2731 lustra
1780 2677 1917 2730 uidit
1942 2695 2033 2730 eos
2053 2676 2168 2730 siue

345 2771 630 2842 agnouisse
649 2770 765 2823 siue
783 2770 1070 2838 delenisse,
1085 2777 1175 2822 aut
1189 2787 1462 2838 nunquam
1479 2763 1843 2840 conparuisse.
1871 2787 1980 2820 non
1995 2763 2167 2836 magis

345 2861 683 2931 intellegitur
719 2859 987 2931 quomodo
1031 2867 1137 2911 tam
1176 2860 1370 2911 mirum
1409 2859 1577 2911 fatum
1603 2858 1828 2912 eruditis
1851 2856 2167 2929 posterioris

348 2952 605 3025 temporis
642 2970 862 3022 prorsus
899 2950 1236 3020 incognitum
1267 2968 1385 3002 esse
1412 2949 1668 3020 potuerit,
1706 2968 1827 3000 nam
1850 2965 1978 3001 sane
1999 2946 2167 3014 Quin-

351 3043 580 3110 tilianus,
618 3042 662 3094 si
701 3042 800 3093 hos
836 3041 1005 3094 libros
1044 3059 1318 3112 nunquam
1355 3059 1384 3091 a
1407 3039 1675 3093 Cicerone
1699 3039 1740 3102 ¹)
1778 3039 1967 3106 lectos,
2006 3037 2168 3090 immo

350 3133 440 3186 diu
475 3141 598 3205 post
645 3132 757 3185 eius
810 3140 862 3184 et
917 3131 960 3184 si
1008 3130 1126 3183 fieri
1165 3129 1429 3200 potuisset
1467 3128 1731 3181 Varronis
1772 3134 1998 3179 mortem
2043 3145 2166 3197 pro-

350 3235 546 3281 tractos
595 3245 711 3281 esse
770 3234 1086 3299 conpertum
1138 3223 1428 3291 habuisset,
1479 3241 1586 3275 non
1624 3220 1930 3292 scripsisset
1963 3227 2050 3274 sed
2090 3225 2170 3273 cui

517 3437 559 3491 1)
590 3435 715 3479 Nihil
747 3450 803 3478 ex
834 3434 1017 3478 silentio
1047 3434 1095 3478 in
1129 3432 1360 3477 Ciceronis
1391 3430 1600 3489 epistulis
1631 3429 1751 3474 effici
1773 3428 1952 3472 monuit
1974 3428 2022 3471 L.
2045 3427 2168 3472 Roth

350 3518 486 3561 leben
520 3517 562 3560 d.
595 3517 741 3561 Varro
774 3531 819 3572 p.
836 3514 908 3559 25.
