2236 4030
1186 334 1214 378 8

290 478 633 548 ταγορευτικόι
671 475 1049 544 κατηγορητικά
1108 473 1578 543 ὖπεραποφαντικά
1623 473 1876 542 ἀρνητικοὶ
1924 492 2105 546 στερη·

289 568 404 621 τικά
431 571 514 630 (L.
538 571 604 622 D.
623 569 735 621 VII
755 568 863 635 69),
900 567 1004 619 alia
1043 563 1309 630 ὦρισμένα
1336 564 1562 628 οἷόριστα
1588 564 1727 628 μέσα
1749 566 1926 636 (Sext.
1946 567 2104 640 Emp.

291 661 429 712 VIII
467 661 531 712 96
555 662 670 729 sq.).
730 664 1021 710 tractarunt
1053 657 1220 726 igitur
1256 657 1313 708 in
1349 656 1450 708 hae
1486 664 1639 726 parte
1681 657 1868 710 modos
1907 665 1960 710 et
1994 660 2102 712 for-

289 751 457 802 mulas
495 748 754 820 loquendi
790 755 848 799 ut
885 746 1363 816 interrogationem
1397 753 1448 797 et
1483 746 1928 816 adhortationem,
1964 749 2106 803 inter
2143 808 2145 811 ,

287 849 573 910 utrumque
622 839 838 908 quidem
888 857 998 890 non
1052 835 1223 905 magis
1265 835 1676 907 distinguentes,
1718 856 1877 907 quam
1915 838 2102 892 Prota-

286 950 443 1001 goras
483 932 687 981 feeerat
727 928 815 996 (ef.
853 927 915 979 L.
939 926 1183 997 Spengel
1223 933 1320 977 art.
1359 927 1542 997 script.
1570 947 1620 999 p.
1641 927 1751 996 44),
1792 915 1991 981 deinde
2029 929 2103 982 af-

284 1020 611 1074 firmationes
651 1026 702 1070 et
738 1017 1072 1086 negationes,
1111 1017 1387 1068 enuntiata
1427 1017 1576 1070 finita
1602 1025 1655 1070 et
1675 1018 1900 1072 infinita.
1958 1018 2102 1074 Con-

284 1110 455 1180 posita
495 1109 758 1160 axiomata
796 1106 1091 1159 secundum
1132 1107 1552 1176 coniunctiones,
1591 1095 1781 1180 quibus
1801 1109 2102 1162 formantur

287 1202 378 1269 (of.
418 1199 476 1252 G.
517 1198 576 1250 F.
598 1199 732 1251 Iahn
774 1196 1167 1268 gram'maticor.
1194 1211 1373 1268 graec.
1398 1198 1463 1250 de
1490 1198 1631 1252 θοοῖς
1649 1199 1814 1267 doctr.
1835 1217 1887 1271 p.
1911 1200 1976 1252 19
1997 1200 2099 1270 sq.)

285 1290 611 1356 diuidebant,
659 1307 884 1360 quorum
938 1287 1226 1359 praecipua
1277 1288 1412 1340 haee
1463 1296 1615 1342 erant
1663 1287 1720 1339 τὸ
1759 1288 2104 1355 συνημμένον

285 1379 378 1450 (εἰ)
416 1376 469 1429 τὸ
510 1377 978 1445 παρασυννημένον
1015 1376 1176 1447 (ἐπεί)
1229 1374 1284 1427 τό
1330 1379 1795 1446 συμπεπλεγμένον
1843 1379 1964 1448 (καί
1989 1378 2104 1445 καί)

282 1468 337 1520 τὸ
387 1467 745 1535 διεξευγμένον
795 1464 847 1535 (1'7‘
889 1463 941 1538 ἦ)
980 1465 1034 1517 τὸ
1078 1466 1320 1527 αἰτιῶδες
1357 1468 1540 1538 (διότι)
1598 1465 1655 1519 τό
1707 1468 2007 1538 διασαφοῦν
2043 1467 2100 1520 τὸ

281 1562 480 1626 μᾶλλον
522 1561 744 1628 (μᾶλλον
780 1555 832 1626 ἦ)
873 1557 928 1609 τὸ
968 1558 1269 1626 διασαφοῦν
1303 1557 1358 1608 τὸ
1400 1551 1549 1624 ἧττον
1604 1551 1779 1627 (ἧττον
1818 1554 1874 1630 ἦ)
1928 1559 1990 1613 L.
2029 1561 2100 1614 D.

282 1652 395 1706 VII
416 1652 496 1704 69.
519 1654 580 1704 71
604 1671 680 1721 sq.
718 1651 998 1704 Postremo
1026 1652 1353 1723 sequebatur
1375 1650 1640 1722 expositio
1667 1650 1770 1700 τῶν
1807 1649 1978 1718 λόγων
2013 1649 2105 1703 καὶ

285 1743 666 1808 σι.·λλογισμιόι·,
687 1760 914 1811 quorum
935 1741 1231 1811 ‘ingentem
1253 1740 1586 1794 diuisionem'
1613 1740 1695 1810 (L.
1717 1741 1788 1794 D.
1803 1741 1918 1795 VII
1938 1742 2004 1795 76
2021 1760 2102 1812 sq.

283 1832 492 1887 Seneca
525 1832 559 1884 1.
599 1833 656 1897 1.)
706 1833 989 1885 excribere
1036 1834 1260 1902 longum
1310 1850 1412 1885 nee
1458 1850 1685 1885 neeesse
1718 1840 1826 1901 est3
1881 1853 2004 1886 nam
2045 1833 2104 1886 id

282 1922 424 1993 quod
460 1922 607 1975 uolui
650 1923 776 1976 satis
818 1923 1035 1975 elucere
1073 1923 1347 1992 confiteor,
1375 1924 1573 1977 stoicos
1609 1942 1804 1994 magna
1838 1943 1960 1978 eum
1979 1925 2102 1979 sub-

284 2013 474 2065 tilitate
509 2021 806 2083 argutaque
844 2014 1137 2085 sagacitate
1177 2013 1243 2066 de
1282 2014 1365 2067 his
1403 2016 1564 2068 rebus
1605 2015 2102 2087 disputasse-uber-

282 2104 576 2175 rimamque
610 2105 886 2157 materiam
921 2106 1023 2159 hoe
1058 2115 1440 2176 argumentum
1476 2107 1827 2161 tractantibus
1875 2124 2102 2175 conges-

283 2195 430 2247 sisse.
471 2195 651 2247 Vnum
691 2195 861 2248 adicio
890 2197 1126 2267 Dionysi
1147 2198 1611 2251 Halicarnasensis
1646 2199 1825 2251 locum
1860 2197 1935 2250 ita
1974 2197 2102 2250 seri-

281 2286 455 2337 bentis
499 2285 565 2337 de
605 2304 775 2358 comp.
817 2289 966 2343 uerb.
1004 2287 1121 2340 IIII
1158 2309 1209 2360 p.
1233 2289 1299 2341 70
1318 2288 1445 2344 Soh.
1489 2288 1656 2358 (cf.V
1693 2279 1877 2360 p'.84):
1920 2282 2100 2355 ’‘Eymy’

283 2368 388 2436 οὖν,
429 2371 510 2425 ὅτε
551 2375 765 2442 διέγνων
796 2375 986 2444 ταύτην
1022 2376 1113 2445 τὴν
1149 2375 1419 2442 Ιὕπόιίὴτσιν.)
1459 2379 1674 2446 ἐζήτουν
1702 2377 1819 2431 εἴτι
1843 2383 1954 2440 τοῖς
1975 2376 2102 2444 πρό-

281 2483 428 2530 τερον
467 2462 671 2532 εἴρηται
714 2467 835 2533 περί
885 2466 1042 2535 αὐτῆς
1091 2468 1183 2519 καί
1228 2457 1460 2533 μάλιστα
1506 2475 1614 2530 τοῖς
1654 2466 1756 2520 dud
1803 2471 1893 2538 τῆς
1930 2471 2103 2531 Στοᾶς

284 2554 615 2622 φιλοσόφοις,
657 2555 810 2617 εἰδώς
849 2555 965 2618 τοὺς
1009 2555 1206 2625 ἄνδρας
1247 2559 1307 2609 οὐ
1345 2558 1539 2627 μικρὰν
1581 2561 1836 2628 φροντίδα
1867 2563 1960 2612 τοῦ
1980 2565 2100 2612 λεκ-

282 2648 422 2695 τικοῦ
457 2645 618 2698 τόπου
664 2649 1079 2716 πεποιημένους·
1124 2651 1210 2701 δεῖ
1226 2648 1326 2718 γὰρ
1359 2650 1534 2710 αὐτοῖς
1554 2648 1766 2718 rotza-923
1787 2658 2095 2720 μαρτυρεῖν.

282 2734 491 2805 οὐδαμῇ
551 2738 605 2787 δὲ
662 2736 810 2789 οὐδὲν
871 2737 956 2788 ὑπ’
1009 2738 1220 2800 οὐδενὸς
1279 2738 1446 2807 εὗρών
1508 2741 1609 2791 τῶν
1659 2742 1784 2808 γοῦν
1839 2740 2100 2808 ὀνόματος

282 2824 582 2892 ἠξιωμένων
634 2823 746 2878 οἷῖτε
784 2831 966 2894 μεῖζον
1008 2825 1122 2880 οὔτε
1175 2830 1386 2883 ἔλαττον
1431 2833 1700 2896 συναχθὲν
1757 2832 1833 2892 εἷς
1882 2829 1943 2899 ἢν
1998 2831 2101 2900 ἐγώ

280 2915 586 2984 προῄρημαι
623 2921 1017 2986 πραγματείαν·
1061 2919 1120 2982 ἃς
1162 2921 1217 2972 δὲ
1243 2921 1558 2987 Χρύσιππος
1597 2922 1941 2974 καταλέλοιπε
1982 2939 2101 2974 συν-4

277 3004 445 3066 τάξεις
503 3006 672 3068 διττας
726 3008 1027 3078 ἐπιγραφὴν
1080 3011 1307 3074 ἐχούσας
1353 3008 1498 3076 (περὶ
1545 3015 1634 3079 τῆς
1671 3011 1964 3075 συντάξεως
1997 3015 2100 3065 τῶν

275 3097 367 3146 τοῦ
403 3096 558 3164 λόγου
601 3097 804 3165 μεριόν’
843 3098 902 3149 οὗ
943 3098 1219 3170 ῥητορικὴν
1258 3104 1493 3170 θεωρίαν
1530 3103 1775 3174 ἐχούσας,
1814 3102 1947 3154 ἀλλὰ
1987 3105 2098 3156 δια-

278 3186 525 3253 λεκτικήν,
566 3185 634 3247 ὡς
672 3185 852 3239 ἴσασιν
889 3187 934 3240 οἱ
972 3189 1063 3252 τὰς
1097 3190 1317 3256 βίβλους
1358 3191 1718 3261 ἀνεγνωκότες,
1758 3191 1893 3263 ὑπὲρ
1934 3193 2093 3256 οἷξιω-

276 3276 453 3340 μάτων
493 3277 786 3340 συντάξεως
824 3278 1040 3346 σῗληθῶν
1079 3299 1134 3331 τε
1174 3281 1265 3333 καί
1297 3283 1533 3347 ψευδῶν,
1584 3283 1675 3336 καί
1727 3285 1963 3337 δυνατῶν
2006 3284 2098 3335 καί

283 3364 572 3438 ἀδυνάτων,
604 3368 960 3436 ἐνδεχομένων
989 3390 1043 3422 τε
1081 3374 1172 3428 καί
1196 3371 1627 3439 μεταπιπτόντων
1659 3371 1750 3424 καί
1783 3371 2097 3442 ἀμφιβόλων

276 3455 365 3505 καί
403 3452 573 3507 ἄλλων
613 3462 765 3510 τινῶν
802 3463 1238 3529 τοιουτοτρόπων,
1298 3461 1548 3530 οῧδεμίαν
1596 3459 1711 3514 οὔτε
1755 3463 1946 3531 χρείαν
1989 3463 2094 3515 οὔτ’

277 3544 537 3614 ὠφέλειαν
585 3556 690 3610 τοῖς
751 3556 1036 3614 πολιτικοῖς
1092 3554 1260 3621 λόγοις
1322 3555 1790 3621 συμβαλλομένας,
1845 3553 1921 3616 εἰς
1972 3555 2096 3623 γοῦν
