2418 4048
1146 289 1212 335 43

260 442 504 514 spicuum
546 446 642 492 est.
673 437 864 491 eodem
904 435 1068 489 modo
1100 442 1261 504 atque
1292 433 1566 487 metuendi
1597 432 1758 487 etiarn
1783 434 2095 487 meminisse

258 531 413 586 uerbi
453 529 745 602 explicatio
783 526 1155 597 conglutinata
1194 533 1275 579 est
1314 543 1383 578 ex
1422 525 1565 578 infra
1600 526 1818 596 scriptis
1865 527 1939 596 (p.
1968 525 2094 589 225)

257 629 526 677 meminisse
571 641 602 674 a
636 627 866 674 memoria
915 639 1022 672 cum
1070 624 1124 671 td
1175 623 1305 683 quod
1350 624 1585 670 remansit
1626 624 1679 670 in
1720 626 1875 670 mente
1923 636 2100 670 rursus

259 715 435 783 (mente
468 721 522 767 in
550 719 604 766 id
632 717 762 778 quod
783 730 958 764 rursus
987 709 1128 760 male
1150 709 1197 762 F
1218 715 1277 760 ut
1314 707 1407 759 diu
1440 707 1820 776 intellectum),
1858 717 2094 775 mouetur,

257 803 359 857 nisi
396 803 722 857 necessitate
769 801 994 871 quadam
1042 799 1234 852 lectori
1280 818 1391 852 non
1445 798 1608 870 plane
1662 798 1978 852 dormitanti
2032 818 2094 851 ac

260 894 494 966 stupide,
533 913 657 947 cum
693 891 970 946 reminisci
1008 899 1060 944 et
1101 889 1418 944 conminisci
1461 891 1630 943 uerba
1678 910 1709 942 a
1744 898 1928 943 mente
1973 889 2095 942 duci

259 985 478 1053 uiderit,
511 983 731 1058 memini
770 1001 984 1054 quoque
1009 982 1164 1035 uerbi
1193 981 1423 1034 eandem
1449 981 1845 1035 deriuationem
1867 980 1924 1034 in
1947 998 2094 1033 men-

259 1084 370 1131 tem
407 1075 622 1130 uenisse
661 1075 850 1128 mauis.
896 1075 1032 1127 haec
1085 1074 1272 1145 igitur,
1322 1073 1537 1125 adiecta
1585 1072 1816 1126 amentis
1857 1072 2093 1142 origina-

258 1166 406 1220 tione
444 1184 581 1236 quae
621 1166 677 1218 in
715 1165 1002 1236 propatulo
1056 1171 1137 1216 est
1192 1172 1244 1216 et
1295 1165 1362 1217 ab
1411 1163 1647 1233 antiquis
1689 1163 1882 1216 tradita
1921 1164 2091 1231 (Fest.

257 1278 310 1330 p.
332 1257 448 1310 158.
488 1257 556 1310 cl.
594 1256 748 1309 Paul.
767 1276 819 1328 p.
841 1257 925 1309 23.
963 1255 1095 1309 Isid.
1138 1255 1274 1325 orig.
1299 1254 1385 1307 XI
1411 1255 1456 1321 l,
1481 1255 1568 1323 11)
1604 1274 1634 1306 a
1672 1253 1892 1307 librario
1936 1273 2090 1326 saga-

258 1348 421 1402 citate
463 1347 695 1418 quadam
746 1355 806 1399 ut
851 1346 954 1419 ipsi
1009 1345 1298 1399 uidebatur
1352 1345 1488 1398 haec
1535 1345 1704 1397 uerba
1744 1344 1811 1396 ad
1854 1353 2092 1398 mentem

257 1437 530 1492 referente
568 1437 624 1490 in
663 1437 842 1490 locum
888 1443 1132 1490 nostrum
1172 1455 1276 1508 quo
1319 1436 1489 1488 uerba
1528 1433 1791 1504 quaedam
1839 1456 1869 1488 a
1910 1443 2092 1488 mente

260 1529 422 1583 ducta
455 1530 676 1582 tractari
713 1530 866 1598 uidit,
900 1537 960 1582 ut
982 1529 1286 1582 Varronem
1314 1528 1465 1598 quasi
1493 1528 1790 1600 suppleret,
1823 1528 2094 1581 inculcata

263 1628 388 1675 sunt
412 1621 472 1690 ¹).
510 1621 672 1688 Quod
711 1629 889 1675 autem
927 1621 1173 1674 ordinem
1215 1639 1319 1692 quo
1358 1620 1575 1691 singula
1609 1628 1966 1692 cognatarum
2003 1638 2095 1672 no-

262 1710 471 1764 tionum
524 1710 789 1764 uocabula
847 1710 1314 1780 coniungerentur
1361 1709 1427 1765 O.
1476 1710 1711 1764 Mueller
1763 1707 2097 1762 desiderauit

262 1801 498 1873 ideoque
533 1801 776 1854 locorum
814 1800 1290 1872 transpositionem
1318 1800 1570 1873 suscepit,
1607 1799 1656 1853 ei
1688 1800 1768 1853 rei
1794 1799 2098 1852 Varronem

264 1911 485 1964 operam
522 1911 631 1945 non
675 1891 909 1960 dedisse,
960 1891 1120 1945 docet
1169 1893 1261 1945 uel
1300 1900 1563 1948 recordare
1608 1893 1749 1946 inter
1787 1899 2008 1947 curiosus
2047 1899 2100 1943 et

263 1992 428 2039 euriae
466 1982 572 2052 (VI
591 1983 659 2033 46
689 2001 741 2053 p.
761 1981 890 2049 424)
944 1980 1036 2033 uel
1084 1988 1198 2046 falli
1243 1981 1387 2034 inter
1431 1988 1616 2047 famam
1670 1990 1721 2034 et
1762 1986 2102 2049 famiqerabile

265 2074 372 2143 (VI
390 2073 458 2128 55
494 2094 546 2147 p.
567 2073 688 2138 231)
729 2072 1111 2143 interpositum
1150 2081 1204 2126 et
1243 2073 1397 2125 multi
1428 2073 1552 2127 libri
1578 2073 1749 2145 quinti
1773 2071 2095 2143 praesertim

261 2161 384 2216 loci.

433 2414 476 2471 1)
506 2414 766 2472 Inpeditius
800 2418 870 2458 est
900 2414 1120 2459 iudicium
1150 2415 1206 2459 de
1231 2415 1530 2471 sequentibus
1557 2415 1726 2470 uerbis,
1753 2430 1870 2472 quae
1890 2430 1975 2459 nec
1995 2429 2100 2459 cum

265 2494 540 2539 reiectaneis
571 2509 656 2539 nec
688 2510 791 2539 cum
822 2495 1206 2540 antecedentibus
1239 2496 1566 2563 coniunctione
1603 2501 1666 2540 sic
1700 2495 1918 2553 coniungi
1940 2499 2100 2553 potue-

266 2579 389 2630 runt,
417 2591 519 2620 cum
556 2591 613 2619 ne
643 2575 834 2620 minima
866 2576 1051 2632 quidem
1083 2576 1337 2620 similitudo
1367 2577 1491 2621 inter
1523 2577 1603 2621 illa
1625 2581 1671 2622 et
1687 2578 1802 2622 haec
1821 2576 2094 2621 intercedat.

265 2659 507 2714 praeterea
537 2656 841 2713 suspitionem
871 2660 1063 2701 mouent
1092 2657 1365 2714 praeterita,
1396 2661 1447 2701 ut
1479 2658 1594 2712 dixi,
1630 2673 1723 2702 non
1756 2658 1846 2702 nisi
1878 2658 1966 2702 hoc
1996 2658 2101 2702 loco

265 2733 404 2779 obuia
434 2738 483 2778 et
513 2733 603 2777 iam
635 2735 692 2778 ab
724 2734 926 2796 Henrico
964 2735 1198 2792 Stephano
1238 2736 1445 2780 Varrone
1489 2736 1681 2794 indigna
1723 2737 1928 2781 iudicata
1969 2741 2099 2795 quasi

265 2818 511 2872 quicunque
542 2819 712 2871 metuit,
760 2819 896 2859 etiam
940 2825 1114 2860 tremat.
1166 2817 1248 2860 sed
1291 2830 1402 2861 caue
1446 2832 1504 2861 ne
1541 2818 1655 2862 haec
1700 2832 1882 2875 quoque
1913 2821 2103 2875 praeter

263 2895 410 2939 uerba
449 2899 674 2940 tremuisti
723 2900 916 2941 timuisti
963 2897 1021 2941 ab
1057 2897 1397 2955 interpolatore
1442 2903 1547 2942 orta
1586 2899 1837 2954 existimes,
1883 2913 1991 2943 nam
2022 2900 2101 2943 ille

267 2984 396 3020 suam
426 2975 687 3021 doctrinam
719 2990 743 3019 e
760 2976 968 3020 Varrone
999 2977 1167 3032 hausit,
1200 2979 1314 3022 talia
1345 2981 1502 3023 autem
1530 2994 1756 3036 nusquam
1787 2980 2022 3037 leguntur,
2057 2983 2105 3022 et

268 3073 362 3104 non
401 3063 510 3103 sunt
549 3060 807 3116 ueriloquia
847 3075 873 3103 a
918 3063 1073 3104 mente
1116 3062 1272 3116 ducta,
1307 3076 1422 3118 quae
1452 3060 1582 3104 illum
1614 3061 1853 3105 adamasse
1886 3060 2102 3104 uidimus.

268 3155 434 3184 uereor
465 3143 636 3194 autem,
686 3155 744 3183 ne
784 3141 1077 3198 interpositis
1111 3142 1203 3185 illis
1235 3142 1370 3199 nugis
1401 3142 1626 3198 quaedam
1662 3141 1936 3186 exciderint.
1998 3156 2102 3185 cum

270 3220 390 3264 enim
419 3220 643 3264 transitus
678 3235 705 3263 a
733 3219 972 3265 reminisci
1003 3221 1291 3266 comminisci
1321 3222 1477 3266 uerbis
1510 3222 1569 3265 ad
1599 3225 1850 3265 tremorem
1875 3219 2003 3263 nullo
2028 3220 2104 3262 ad-

269 3301 368 3346 dito
400 3304 544 3347 uerbo
577 3302 738 3346 durior
770 3302 998 3357 uideatur,
1032 3317 1167 3358 quam
1197 3317 1331 3358 quem
1363 3303 1412 3346 in
1443 3303 1526 3346 tali
1557 3302 1698 3346 etiam
1718 3302 1945 3359 scriptore
1967 3301 2102 3355 seras,

273 3387 338 3425 sic
375 3381 491 3425 illud
530 3382 727 3427 fortasse
768 3383 826 3426 ad
860 3382 1027 3426 omissa
1059 3382 1286 3438 quaedam
1333 3382 1564 3439 spectauit
1607 3385 1654 3424 et
1697 3382 1840 3424 uerba
1883 3395 1988 3424 cum
2037 3394 2103 3423 se·

272 3461 518 3516 quentibus
550 3463 872 3519 conjungenda
902 3466 1031 3506 sunt:
1069 3467 1135 3506 sie:
1167 3465 1281 3520 quod
1311 3465 1507 3522 frigidus
1542 3466 1692 3513 timor,
1734 3471 1899 3504 tremor
1936 3462 2102 3504 dictum

275 3557 303 3583 a
333 3543 627 3586 similitudine
657 3547 797 3599 uocis,
831 3560 943 3600 quae
976 3554 1078 3587 [vanc
1110 3560 1207 3587 cum
1243 3545 1373 3587 ualde
1408 3552 1598 3587 tremunt
1631 3550 1833 3599 apparet.
