2314 4056
1156 328 1254 375 184

289 480 458 543 negat
494 474 669 530 Varro
712 473 873 527 etiam
910 474 1162 529 Graccho
1199 472 1602 544 adspirandum,
1650 475 1914 544 quoniam>
1946 494 2107 546 arge-

294 564 465 618 rendo
505 564 574 617 sit
598 565 1028 633 cognominum,
1048 572 1276 617 matrem
1301 562 1445 616 enim
1466 563 1582 616 eius
1605 563 1698 633 qui
1716 564 1921 635 primus
1941 567 2126 621 (iu-am

291 673 386 708 cus
420 654 488 707 sit
526 655 718 724 dictus„
753 655 1040 708 duodecim
1077 655 1348 708 mensibus
1386 661 1541 707 utero
1580 671 1703 707 eum
1737 655 1988 724 gessisse.
2050 664 2109 709 et

290 744 574 816 pulchrum
616 745 860 814 quamuis
896 747 952 798 in
988 746 1383 800 consuetudine
1430 745 1754 816 adspiretur,
1783 745 1971 799 nihilo
2012 746 2108 799 mi<

288 854 392 888 nus
446 842 628 888 tamen
669 836 807 888 ratio
857 836 986 889 exili
1026 837 1206 889 littera
1245 835 1289 889 C
1327 835 1713 888 enuntiandum
1764 843 1818 889 et
1855 837 2112 890 ‘scribens
2135 846 2177 895 5.

291 923 419 976 dum
457 941 575 977 esse
619 925 927 995 persuadet,
969 944 1051 988 ,ne
1095 946 1202 979 una
1255 925 1473 978 omnino
1527 925 1691 979 dictio
1741 915 2110 980 aduersusla-

292 1013 391 1066 tini
426 1014 688 1068 sermonis
729 1022 977 1068 naturam
1013 1016 1189 1069 media
1236 1015 1556 1088 adspiretur.
1641 1014 2116 1088 quamuis'Saatra

293 1123 324 1156 a
355 1103 566 1174 graecis
601 1111 757 1176 putet
797 1123 914 1158 esse
952 1107 1270 1159 translatum
1309 1105 1458 1175 quasi
1497 1103 1817 1172 πολύχρουν.

199 1265 292 1315 581³
435 1254 677 1310 Graccus
728 1264 782 1309 et
820 1265 968 1310 ortus
1008 1257 1124 1310 sine
1156 1257 1518 1328 adspiratione
1557 1257 1664 1312 dici
1703 1257 1904 1318 debere
1938 1258 2114 1318 Varro

289 1345 362 1396 ait
394 1352 447 1397 et
483 1353 660 1398 ortum
703 1346 939 1416 quidem,
977 1348 1121 1417 quod
1158 1347 1215 1400 in
1255 1366 1317 1401 eo
1347 1347 1524 1400 omnia
1550 1347 1808 1417 oriantur,
1838 1338 2110 1417 Graccum
2143 1357 2199 1404 10

290 1442 469 1489 autem
519 1456 550 1489 a
594 1437 861 1508 gerendO,
916 1437 1063 1508 quod
1116 1445 1288 1490 mater
1338 1437 1449 1490 eius
1501 1438 1788 1499 duodecim
1842 1439 2131 1503 mensibus

290 1532 446 1578 utero
487 1543 610 1579 eum
645 1528 962 1597 gestauerit,
996 1529 1088 1582 uel
1114 1549 1144 1581 a
1180 1528 1482 1598 gracilitate
1520 1529 1763 1602 corporis
1802 1536 1862 1581 ut
1901 1528 2118 1601 quidam

294 1615 500 1670 uolunt.

203 1776 295 1827 580
436 1767 625 1820 Arena
663 1769 707 1821 si
745 1771 811 1823 ab
853 1770 1099 1825 ariditate
1140 1773 1337 1826 dicitur
1373 1791 1482 1825 non
1521 1773 1684 1825 habet
1723 1772 2120 1844 aspirationem,

297 1856 342 1909 si
375 1857 441 1910 ab
468 1857 744 1912 haerendo
778 1866 838 1911 ut
870 1860 926 1912 in
959 1861 1176 1932 fabricis
1213 1862 1459 1915 uidemus
1497 1863 1674 1916 habet.
1959 1870 1961 1872 ’
2149 1876 2205 1921 15

202 2024 298 2074 581³
437 2009 736 2063 Pulchrum
780 2010 956 2063 Varro
997 2010 1264 2082 adspirari
1315 2012 1518 2066 debere
1563 2020 1746 2083 negat,
1797 2031 1867 2066 ne
1913 2013 2131 2066 duabus*

295 2262 423 2304 truce
468 2262 516 2304 et
546 2260 697 2306 feroce
729 2261 778 2304 in
809 2261 1107 2306 nouissimam
1135 2261 1342 2308 litteram
1373 2262 1684 2320 dirigant..
1719 2263 1847 2321 item,
1877 2278 1907 2320 q
1917 2262 1974 2308 ui
2002 2277 2032 2320 p
2043 2276 2068 2311 r
2079 2276 2122 2309 e·

294 2319 515 2363 hensus
553 2355 562 2365 .
640 2321 854 2377 .quasi
888 2316 1237 2379 πολύχρουν.

460 2399 562 2443 588.
627 2399 819 2457 Char.p
825 2400 923 2456 .,82
956 2399 1004 2444 7:
1055 2401 1318 2445 Graccus
1352 2405 1410 2446 et
1443 2405 1611 2446 ortus
1646 2435 1695 2446 ..
1730 2400 2003 2458 ,quidam
2035 2393 2126 2446 ιιό-

294 2458 442 2501 lunt.
508 2458 589 2503 sed
620 2416 923 2504 consuetudo
942 2465 989 2504 et
1007 2460 1239 2505 Gracchos
1269 2465 1317 2504 et
1347 2461 1507 2505 hortos
1532 2476 1636 2506 cum
1659 2460 1973 2518 adspiratione
1995 2475 2125 2505 usur-

295 2516 438 2574 pauit.
500 2520 552 2562 de
585 2534 633 2562 re
666 2523 723 2574 cf.
760 2523 821 2563 M.
850 2523 998 2577 Haupt
1029 2531 1196 2577 quaest.
1231 2524 1398 2565 Catull.
1429 2539 1470 2578 p.
1483 2527 1642 2579 78εᾳ.

461 2597 564 2641 580.
630 2598 759 2643 Seru.
794 2599 854 2642 ad
870 2600 1008 2657 Verg.
1041 2600 1155 2643 Aen.
1187 2600 1209 2643 I
1239 2599 1348 2645 172:
1385 2599 1427 2644 A
1443 2615 1467 2643 r
1484 2614 1507 2644 e
1523 2615 1556 2643 ιι
1574 2615 1626 2643 a:
1673 2599 1912 2656 quaeritur
1955 2572 2130 2647 habeat

295 2669 440 2700 necne
475 2671 644 2700 nomen
672 2658 760 2701 hoc
794 2658 1171 2717 adspirationem.
1210 2663 1256 2703 et
1267 2658 1413 2703 Varro
1446 2660 1512 2703 sic
1542 2658 1725 2703 definit:
1771 2657 1819 2715 si
1850 2659 1917 2702 ab
1949 2657 2124 2701 aridi-

296 2717 425 2759 tate
456 2748 465 2759 .
488 2748 498 2759 .
517 2748 527 2759 .
561 2731 591 2759 ιι
604 2716 663 2760 id
676 2732 799 2761 emu
812 2732 831 2761 s
862 2718 972 2761 hab
987 2733 1010 2761 e
1023 2722 1057 2762 t.
1100 2719 1266 2762 melior
1297 2722 1452 2762 tamen
1486 2722 1557 2762 est
1588 2717 1797 2774 superior
1828 2716 2122 2773 etymologia.

460 2794 563 2838 581³.
625 2796 818 2853 Chai-p
824 2796 922 2851 ,73
958 2797 1037 2840 17;
1090 2797 1413 2841 Pulchrum
1455 2797 1642 2843 Varro
1691 2830 1699 2839 .
1837 2796 2122 2841 recorda·

297 2853 519 2897 tionem
551 2812 818 2898 dolorisp
875 2855 998 2899 unde
1037 2859 1086 2899 et
1128 2857 1389 2914 sepulcrum
1428 2856 1659 2912 hodieque
1691 2858 1858 2910 manet,
1905 2854 2028 2913 quod
2060 2854 2125 2923 sit

301 2927 509 2958 seorsum
543 2927 570 2957 a
601 2914 790 2970 pulcro.

444 3117 467 3161 1
505 3130 652 3179 greco
686 3115 1001 3180 aspirandum
1020 3117 1069 3166 Β
1094 3113 1117 3184 ΙΙ
1142 3119 1170 3165 2
1201 3118 1326 3169 enim
1349 3110 1472 3183 eius]
1512 3116 1636 3164 enim
1663 3117 1788 3166 enim
1806 3111 1889 3181 ΒΙ
1879 3109 1925 3185 ΙΙ
1929 3117 1956 3163 3
1975 3118 2121 3164 utero

300 3200 409 3230 eum
444 3183 741 3235 Bit-schelius
776 3190 957 3246 quaest.
998 3204 1137 3237 narr.
1171 3203 1222 3248 p.
1250 3190 1324 3236 ,28
1358 3191 1553 3235 uterum
1592 3185 1644 3233 Β
1665 3180 1689 3250 ΙΙ
1712 3186 1943 3246 gessisset
1967 3184 2064 3242 ΒΗ
2090 3188 2118 3234 3

294 3253 644 3306 nihilhominus
663 3255 713 3305 B
737 3258 762 3315 ΙΙ
787 3257 814 3303 5
851 3259 979 3306 ratio
1020 3258 1133 3307 exhi
1169 3257 1336 3306 littere
1365 3256 1737 3306 tenuntiandum
1761 3255 1811 3305 Β
1835 3251 1861 3325 ΙΙ
1883 3256 2076 3309 exiliter
2096 3273 2123 3303 c

296 3325 345 3372 P
363 3319 390 3388 ΙΙ
413 3326 441 3370 7
483 3326 730 3393 aspiretur
751 3324 802 3374 B
825 3320 851 3389 ΙΙ
874 3327 903 3372 8
935 3327 1207 3394 polichrum
1226 3325 1276 3374 Β
1298 3329 1322 3386 ΙΙ
1350 3330 1413 3376 14
1454 3319 1516 3394 si]
1554 3326 1639 3374 sed
1678 3327 1814 3374 H-
1759 3356 1814 3367 —
1838 3327 1942 3381 eod.
1969 3326 2123 3393 Ham-

299 3395 550 3455 buryensis
573 3397 597 3453 ΙΙ
622 3398 858 3444 aritutate
876 3411 1002 3447 corr.
1010 3400 1064 3448 in
1084 3398 1315 3446 ariditate
1328 3398 1387 3445 H
1397 3398 1574 3444 aritate
1593 3395 1695 3443 cod.
1712 3388 1856 3457 Lips.
1874 3410 1996 3445 saec.
2023 3395 2077 3443 X
2075 3383 2117 3463 ΙΙ

304 3464 364 3510 15
402 3463 618 3513 herendo
633 3459 701 3521 H
713 3468 739 3525 Η
780 3468 851 3513 ut
868 3482 1121 3529 suprascr.
1157 3482 1305 3516 manau
1341 3481 1433 3516 seo.
1469 3468 1523 3517 in
1559 3465 1664 3514 cod.
1701 3465 1978 3515 Cossutiano
2001 3466 2029 3523 ΙΙ
2047 3468 2122 3515 ui

300 3533 466 3581 demus
505 3549 593 3583 om.
632 3538 734 3585 cod.
776 3535 1014 3586 Beruens.
1055 3541 1171 3586 363.
1211 3551 1459 3597 suprascr
1498 3552 1560 3585 m.
1596 3549 1688 3583 sec.
1723 3539 1776 3584 in
1813 3532 1948 3585 Cass}
1970 3534 2005 3593 ΙΙ
2070 3565 2073 3571 -
2103 3556 2108 3572 ›
