2236 4030
1237 337 1301 383 28

353 500 477 534 nem
516 481 904 551 conprehensio
950 491 1045 536 est.
1077 500 1140 534 ea
1178 483 1467 554 distinguit.
1498 491 1748 552 quattuor
1766 485 2057 549 uerborum
2072 501 2172 553 ge.-

353 591 483 627 nera
523 591 657 642 quae
693 574 929 627 habeant
977 594 1146 643 casus,
1203 592 1338 646 quae
1380 581 1641 644 tempora,
1696 593 1830 644 quae
1869 582 2175 646 utrumque,

353 681 486 733 quae
525 671 792 719 neutrum.
847 666 984 718 hanc
1023 685 1146 718 cum
1184 666 1240 718 in
1277 666 1459 736 priore
1499 684 1713 738 quoque
1753 666 1924 720 triade
1947 667 2172 719 ubicun-

353 771 455 824 que
489 773 598 807 non
636 757 953 825 generalem
991 756 1294 809 doctrinam
1326 757 1423 828 sed
1452 756 1667 827 singula
1685 763 1898 826 tractat,
1931 764 2175 811 naturam

353 852 566 898 secutus
607 846 879 912 orationiS,
919 854 1228 899 constanter
1267 846 1520 898 adhibeat
1560 846 1714 915 <locis
1758 865 1921 917 supra
1956 846 2172 919 ‚signifi-

353 935 501 1002 catiS,
540 935 596 989 in
632 936 770 988 libro
810 956 951 989 nono
995 938 1189 989 lacuna
1235 937 1496 1008 pleraque
1535 936 1934 1006 deuorauit¹)),
1982 936 2176 1007 eadem

353 1178 596 1222 tinationes
630 1180 826 1231 parcium
860 1180 1009 1228 nanis,
1045 1192 1130 1218 non
1160 1186 1312 1233 partes
1347 1150 1477 1218 vinuis
1512 1177 1734 1218 dicuntur.
1797 1188 1988 1231 quarum
2032 1175 2179 1218 altera

350 1257 483 1310 parte
515 1253 647 1310 eique
680 1254 938 1298 coniunctis
973 1268 1088 1310 quae
1118 1269 1211 1297 non
1250 1255 1487 1311 exscripsi,
1516 1269 1635 1297 num*
1659 1253 1951 1298 Ammonium
1979 1252 2042 1310 (in
2076 1253 2179 1297 Ari-

355 1336 465 1377 etot.
500 1350 546 1377 π.
579 1335 679 1393 ἑρμ.
711 1350 756 1391 p.
775 1333 856 1379 99²¹
886 1335 998 1390 En),
1042 1335 1277 1390 aequalem
1324 1335 1411 1378 sibi
1451 1335 1726 1391 scriptorem
1759 1334 2088 1391 inpugnauerit
2121 1341 2179 1377 an

350 1414 511 1459 tritam
543 1429 597 1458 eo
628 1418 837 1472 tempore
884 1416 1200 1471 quaestionem
1240 1415 1464 1472 tetigerit,
1515 1415 1747 1459 incertum
1789 1418 1873 1458 est.
1925 1414 2178 1459 uerisimile

351 1498 506 1538 autem
537 1498 608 1538 est
639 1496 937 1552 philosophos
971 1496 1072 1539 illos
1104 1496 1435 1552 peripateticos
1467 1495 1606 1538 fuisse
1647 1495 1723 1538 uel
1762 1495 1811 1538 in
1850 1495 1937 1542 hae
1978 1509 2029 1538 re
2075 1510 2178 1539 eum

352 1574 417 1624 eis
451 1574 687 1619 facientes.
749 1575 1014 1619 Aristotelis
1059 1575 1134 1629 (cf.
1179 1575 1406 1619 Steinthal
1439 1576 1468 1618 1.
1502 1576 1530 1618 l.
1563 1590 1608 1631 p.
1638 1575 1740 1631 257)
1775 1575 2053 1619 sententiam
2085 1575 2174 1619 Dio

352 1654 555 1713 excoluit
586 1655 708 1711 (VIII
726 1656 779 1698 11
803 1670 846 1712 p.
866 1654 971 1710 400)
1009 1673 1191 1713 quorum
1220 1673 1427 1714 generum
1457 1659 1778 1700 declinationes
1812 1659 2036 1709 oriuntur,
2066 1673 2176 1712 par-

354 1723 669 1779 tes'orationis
703 1738 830 1789 (luae,
874 1740 913 1779 si
957 1740 1062 1779 item
1106 1746 1154 1779 ut
1203 1739 1323 1779 Dion
1366 1741 1414 1779 in
1455 1741 1537 1780 tris
1581 1737 1869 1780 diuiserimus
1909 1745 2062 1794 partes
2107 1753 2178 1780 res

353 1833 463 1874 quae
512 1810 659 1860 ’τιενῦἰε
709 1814 1042 1874 siyhificantur:
1104 1834 1236 1860 unam
1282 1834 1393 1874 quae
1443 1819 1724 1875 adsiqnificat
1785 1833 1940 1871 casus,
1988 1818 2179 1860 alteram

353 1913 465 1954 quae
496 1907 708 1955 tempora,
743 1900 923 1940 terciam
957 1914 1069 1954 quae
1101 1908 1319 1940 neutrum.
1354 1899 1405 1940 de
1437 1900 1505 1940 leis
1524 1899 1792 1940 Aristoteles
1821 1900 2041 1940 orationis
2072 1897 2180 1940 duas

352 1987 505 2035 partes
551 1994 643 2020 esse
689 1979 812 2031 dicit,
854 1979 1076 2021 ‘uocabula
1120 1987 1161 2021 et
1198 1980 1350 2032 uerba,
1391 1987 1439 2020 ut
1484 1980 1605 2020 homo
1653 1987 1692 2020 et
1729 1994 1890 2034 equos,·
1929 1987 1967 2021 et
2001 1979 2110 2035 teqit
2142 1987 2182 2020 et

355 2061 511 2100 currit.
546 2057 665 2100 hanc
696 2057 842 2114 igitur
873 2057 1146 2100 diuisionem
1163 2057 1323 2101 Dionis
1356 2057 1458 2113 (qui
1481 2072 1592 2100 num
1623 2056 1910 2101 academicus
1931 2056 2018 2100 ille
2044 2057 2185 2111 fuerit

357 2135 506 2192 quode
538 2137 679 2179 Elink
711 2137 847 2180 Sterk
895 2138 951 2180 de
998 2137 1302 2194 paraplerom.
1337 2138 1478 2192 symb.
1512 2137 1602 2180 litt.
1631 2138 1751 2194 belg.
1774 2137 1875 2180 VIII
1909 2152 1954 2193 p.
1983 2137 2010 2180 9
2044 2137 2184 2180 disse-

354 2217 449 2261 ruit
464 2217 637 2273 nescio)
669 2218 797 2262 cuius
820 2233 927 2274 pars
954 2218 1097 2262 tertia
1116 2232 1231 2274 quae
1263 2222 1478 2261 neutrum
1510 2217 1650 2267 habet
1678 2218 1729 2260 in
1757 2217 1868 2260 duas
1898 2221 2063 2274 partes.
2085 2217 2185 2261 iun-

355 2296 496 2354 gendi
512 2296 729 2340 nimirum
749 2300 796 2340 et
815 2298 1178 2341 adminiculandi
1209 2297 1492 2352 discribitur,
1526 2311 1641 2353 quae
1660 2296 1816 2352 itaque
1845 2297 2000 2353 paullo
2031 2296 2178 2354 magis

357 2380 429 2420 est
460 2376 706 2433 explicata,
738 2377 984 2421 secundam
1017 2376 1237 2421 Varronis
1270 2389 1369 2421 esse
1402 2389 1580 2420 censeo.
1611 2375 1702 2418 Sed
1735 2374 2054 2433 etiamssprima
2072 2374 2183 2428 Var-

355 2457 481 2500 ronis
515 2457 681 2500 diuisio
715 2460 820 2500 orta
853 2461 924 2501 est
945 2472 1001 2500 ex
1017 2457 1209 2510 Dionea,
1241 2456 1423 2500 adiecta
1453 2459 1587 2513 parte
1609 2470 1724 2512 quae
1755 2458 2002 2510 utrumque
2031 2454 2185 2499 habet.

356 2551 512 2594 quare,
559 2537 768 2593 quamuis
809 2552 904 2581 non
954 2552 1143 2594 prorsus
1184 2539 1413 2590 accurate,
1461 2539 1617 2580 tamen
1659 2549 1754 2579 non
1780 2535 1854 2585 ,ita
1876 2535 2186 2592 'neglegenter

355 2618 727 2675 (cf.Schoemann
748 2618 822 2662 l.1.
859 2633 902 2673 p.
925 2618 995 2674 14)
1027 2618 1174 2660 Varro
1206 2618 1388 2660 locutus
1425 2620 1511 2670 est,
1543 2631 1646 2659 cum
1677 2616 1774 2658 has
1806 2615 1865 2658 ad
1897 2617 2187 2671 quattuor

356 2702 559 2756 partes
591 2699 832 2754 generales
866 2713 960 2741 non
991 2698 1050 2740 ad
1079 2698 1287 2754 proxime
1317 2696 1644 2740 antecedentes
1681 2696 1886 2752 singulas
1915 2695 2125 2739 referret.

523 2778 565 2834 1)
601 2778 664 2821 Vt
693 2778 782 2822 hoc
812 2778 972 2821 melius
1008 2778 1309 2833 intellegatur
1340 2777 1564 2831 simulque
1613 2776 1915 2832 aequabilitas
1962 2775 2186 2826 librorum

358 2858 466 2902 VIII
495 2862 542 2902 et
574 2858 703 2901 VIIII
733 2872 819 2901 nec
852 2858 901 2917 in
932 2858 1068 2901 editis
1102 2857 1441 2913 exemplaribus
1473 2870 1560 2900 nec
1593 2856 1643 2899 in
1677 2854 1960 2900 O.Mue11eri
1992 2855 2184 2912 disposi-

357 2939 484 2982 tione
517 2938 629 2985 satis
664 2938 913 2994 conspicua
945 2937 1087 2981 oculis
1134 2937 1405 2989 subiciatur,
1445 2951 1522 2980 eos
1570 2936 1780 2980 breuiter
1827 2935 1903 2979 hic
1934 2934 2185 2992 conposui.

357 3019 644 3076 respondent
679 3019 767 3063 sibi
801 3018 914 3062 haec-

406 3099 534 3143 VIIII
597 3099 630 3153 1,
656 3099 711 3141 -6
890 3096 1117 3154 praefatio
1721 3093 1830 3137 VIII
1866 3093 2012 3137 1-24

638 3178 664 3221 7
889 3177 1129 3233 dispositio
1163 3177 1451 3232 sequentium
1568 3206 1570 3208 >
1852 3230 1860 3236 ·
1902 3173 1959 3222 25
2030 3212 2036 3219 .

591 3257 735 3302 8—35
888 3257 1171 3300 consuetudo
1209 3282 1265 3286 —-
1296 3255 1415 3299 ratio

565 3337 621 3381 36
645 3337 741 3380 --39
774 3336 830 3380 Α.
863 3350 970 3392 pars
1001 3335 1245 3392 generalis.
1311 3334 1351 3377 1.
1383 3332 1608 3390 praefatio
1800 3357 1803 3360 >
1888 3355 1892 3363 ν
1940 3377 1962 3386 Ἡ

565 3415 744 3461 40-44
802 3415 870 3458 2a
902 3415 959 3459 de
990 3414 1291 3469 similitudine
1366 3465 1369 3468 ¹
1799 3461 1803 3464 .
1833 3407 2009 3473 39—,43

621 3498 679 3542 45
800 3496 868 3540 210
900 3495 1114 3551 analogia
1145 3494 1314 3555 ubique
1346 3497 1426 3556 aut
1446 3481 1681 3554 *nusquam
1732 3544 1735 3546 ,
1764 3537 1770 3547 ,
1830 3489 2010 3553 37-.{‘}8..
2077 3524 2083 3532 .

566 3578 637 3621 46.
688 3575 745 3622 47
795 3576 871 3635 '20
906 3575 963 3619 de
998 3574 1306 3623 delectatione
1362 3616 1365 3619 .
1511 3619 1513 3622 ,
1831 3569 2026 3634 3123&-
2093 3629 2097 3633 ἡ
