2306 4068
968 339 1064 389 165

105 501 219 564 tun
248 508 386 564 quae
422 492 530 546 iam
565 491 758 562 negari
791 507 902 544 non
940 495 1139 563 potest,
1174 488 1232 542 id
1269 494 1350 542 est
1371 488 1517 560 quod.
1538 493 1805 555 mouetur,
1845 494 1937 539 aut

102 590 274 640 restet
288 584 374 638 illi
393 583 612 653 docere,
653 582 798 655 quod
816 601 925 635 non
944 572 1211 649 mouetur,
1239 587 1300 633 ut
1325 587 1688 651 consequatur
1708 597 1934 646 summa,

12 723 15 725 .
105 692 243 748 quae
284 669 415 728 item
452 692 561 727 non
599 679 779 744 potest
816 690 928 725 non
967 668 1211 739 concedi,
1259 669 1317 723 id
1368 677 1451 723 est
1488 669 1634 741 quod
1672 687 1783 722 non
1821 687 1936 721 am-

101 765 270 820 bulet.
309 785 496 820 rursus
537 764 583 819 si
617 765 721 817 hoc
757 764 920 817 modo
959 762 1095 816 uelit
1132 756 1315 815 dicere
1370 761 1550 814 ‘homo
1599 760 1703 813 iste
1747 761 1935 813 ambu'-

52 856 216 924 slat’,
253 856 488 928 simplex
525 854 792 910 sententia
815 861 912 924 est,
949 872 1110 927 quam
1147 853 1192 907 si
1228 869 1551 907 concessero
1592 857 1647 904 et
1670 851 1935 904 adiunxe-

101 948 169 1002 rit
192 948 361 1002 ‘aliam
402 946 662 1017 ‘quisquis
699 953 878 998 autem
915 944 1154 999 ambulat
1189 944 1476 1013 mouetur’‚
1516 950 1570 996 et
1602 943 1742 996 hanc
1775 942 1938 996 etiam

100 1034 439 1107 conces-sem,
479 1054 549 1089 ex
582 1035 684 1088 hac
725 1035 1108 1089 coniunctione
1145 1035 1540 1088 sententiarum
1562 1034 1810 1105 quamuis
1831 1034 1937 1087 sin-

97 1129 331 1200 gillatim
366 1124 767 1182 enuntiatarum
804 1135 856 1180 et
898 1145 1276 1180 concessarum
1316 1127 1412 1180 illa
1437 1145 1645 1180 summa
1670 1125 1937 1195 sequitur,

97 1236 236 1290 quae
271 1219 378 1274 iam
415 1216 723 1271 necessario
763 1218 1115 1297 c-oncedatur,
1156 1217 1214 1271 id
1252 1224 1362 1271 est:
1418 1217 1582 1270 homo
1620 1217 1723 1271 iste
1760 1216 1933 1288 igitur

23 1315 364 1364 mmouetur.

94 1491 193 1530 non
219 1479 392 1537 pote-st,
423 1488 534 1522 non
549 1476 675 1521 enim
703 1476 792 1522 hoc
822 1478 982 1535 negat,
1017 1475 1097 1533 qui
1117 1475 1290 1520 dixerit
1315 1475 1427 1519 ‘noli
1452 1475 1673 1519 currere’.
1704 1474 1794 1519 hoc
1813 1476 1939 1519 enim

94 1551 190 1582 non
223 1540 296 1581 est
326 1537 578 1585 aduersum
609 1537 652 1582 ei
685 1537 811 1594 quod
839 1537 1019 1581 dictum
1049 1539 1123 1580 est
1150 1536 1330 1588 ‘curre',
1363 1538 1417 1579 ut
1439 1536 1529 1579 hoc
1550 1535 1612 1579 sit
1634 1549 1801 1579 uerum
1818 1535 1938 1579 illud

93 1596 276 1650 falsum,
306 1600 361 1640 ut
389 1597 542 1654 possit
570 1597 700 1641 nasci
733 1597 962 1654 quaestio.
995 1611 1103 1639 nam
1134 1596 1193 1639 de
1225 1595 1398 1639 aientia
1429 1598 1477 1639 et
1513 1595 1765 1652 negatione
1798 1596 1936 1651 quae·

94 1657 188 1700 stio
222 1656 322 1700 sine
352 1656 494 1701 dubio
520 1657 747 1709 nascitur,
779 1659 834 1700 ut
872 1656 965 1700 ‘ille
996 1655 1147 1699 currit
1177 1655 1258 1698 ille
1284 1670 1378 1699 non
1408 1655 1571 1699 currit’
1606 1654 1817 1711 quaestio
1851 1658 1936 1707 est,

98 1718 260 1759 utrum
292 1720 454 1760 currat
485 1731 544 1759 an
573 1731 681 1760 non.
734 1717 900 1760 ‘curre’
935 1718 1094 1759 autem
1124 1718 1171 1758 et
1203 1719 1311 1758 ‘non
1343 1716 1493 1758 curre’
1528 1729 1623 1758 non
1655 1714 1767 1758 facit
1801 1729 1937 1770 quae-

43 1810 52 1815 -
98 1777 311 1829 ationem,
347 1779 509 1828 utrum
538 1779 714 1820 currat.
768 1775 898 1819 nulla
939 1775 1127 1832 quidem
1165 1775 1382 1831 quaestio
1415 1775 1492 1819 hic
1522 1777 1685 1830 potest
1724 1774 1939 1832 intellegi

35 1836 57 1843 ''
97 1836 258 1879 utrum
288 1849 479 1879 currere
511 1834 682 1880 debeat
712 1851 771 1879 an
797 1850 907 1879 non.
938 1834 1028 1878 hoc
1058 1834 1182 1878 enim
1206 1850 1263 1879 ex
1294 1835 1467 1878 aientia
1499 1837 1547 1877 et
1579 1835 1832 1891 negatione
1859 1848 1939 1877 na-

96 1897 198 1939 tum
231 1899 317 1948 est,
352 1898 404 1938 ut
437 1899 642 1940 ‘currere
675 1894 830 1940 debet’
863 1898 911 1939 et
944 1899 1152 1938 ‘currere
1183 1909 1277 1938 non
1304 1894 1474 1939 debet’.
1505 1894 1594 1937 1100
1609 1894 1722 1938 facit
1739 1893 1787 1938 e't
1805 1897 1934 1950 opta-

96 1954 224 1998 tiuus
255 1955 438 1999 modus.
502 1969 609 1998 cum
649 1955 773 1998 enim
817 1955 955 2011 plena
997 1955 1058 1998 sit
1095 1955 1327 1997 sententia
1369 1969 1475 1998 cum
1509 1954 1705 1997 dicimus
1739 1954 1935 1997 ‘utinam

96 2014 312 2059 scribam'
346 2017 396 2058 et
428 2015 623 2058 ‘utinam
651 2029 746 2058 non
777 2014 1013 2067 scribam',
1058 2028 1155 2057 non
1197 2016 1358 2070 potest
1398 2014 1507 2058 hinc
1545 2013 1675 2057 nasci
1704 2015 1934 2069 quaestio,

96 2076 258 2118 utrum
289 2074 494 2118 scribam
524 2089 583 2118 an
612 2089 728 2118 non:
761 2074 845 2118 sed
875 2074 1100 2130 pleraque
1131 2074 1247 2117 talia
1275 2076 1399 2127 sunt,
1432 2074 1546 2117 haec
1578 2072 1638 2118 ad
1668 2074 1933 2130 exemplum

97 2132 346 2178 sufficiant.
377 2133 504 2190 quod
533 2148 648 2191 ergo
678 2133 823 2178 fuerit
855 2133 1067 2177 iunctum
1098 2147 1155 2176 ex
1184 2133 1372 2177 nomine
1395 2136 1444 2178 et
1475 2133 1638 2186 uerbo,
1672 2133 1712 2177 si
1742 2133 1935 2189 plenum

93 2207 263 2238 nomen
297 2195 346 2237 et
373 2193 567 2250 plenum
595 2194 794 2238 uerbum
828 2193 903 2246 sit,
938 2193 1202 2238 necessario
1236 2193 1351 2237 facit
1382 2193 1677 2244 sententiam,
1725 2192 1808 2236 sed
1837 2207 1933 2237 non

93 2253 360 2298 necessario
387 2252 502 2297 facit
529 2253 844 2310 proloquium.
878 2253 919 2296 si
951 2253 1075 2297 enim
1106 2256 1192 2306 est,
1231 2253 1358 2310 quod
1387 2253 1480 2297 iam
1508 2256 1594 2305 est,
1627 2250 1853 2296 affirmari
1884 2256 1933 2296 et

93 2315 258 2370 negari
288 2315 465 2370 potest,
517 2316 566 2357 et
601 2328 742 2369 supra
783 2313 983 2357 diximus
1020 2313 1171 2356 multa
1210 2313 1304 2357 dici
1342 2313 1483 2370 plena
1524 2313 1769 2365 sententia,
1816 2327 1933 2368 quae
1971 2362 1975 2365 ,

93 2374 251 2417 tamen
282 2371 510 2416 affirmari
540 2375 587 2416 et
618 2372 784 2430 negari
813 2387 907 2416 non
954 2372 1153 2429 possint.
1203 2373 1395 2440 plenum
1437 2373 1586 2431 igitur
1631 2372 1932 2428 proloquium

95 2434 208 2477 θεῖ’
214 2432 362 2476 omnis
401 2432 542 2476 homo
587 2432 759 2476 animal
799 2432 901 2485 est’‚
950 2435 999 2476 et
1042 2432 1253 2488 quamuis
1295 2435 1466 2477 natura
1509 2432 1628 2476 illud
1659 2431 1831 2489 exigat,
1878 2435 1932 2475 ut

93 2485 246 2548 p'rimo
274 2506 447 2536 nomen
478 2494 526 2535 et
554 2494 722 2548 postea
756 2467 955 2536 uerbum
986 2491 1184 2544 dicatur,
1217 2495 1271 2535 ut
1302 2492 1480 2536 dictum
1513 2494 1599 2544 est,
1636 2506 1731 2535 non
1759 2491 1932 2535 desinit

93 2565 259 2595 uerum
303 2566 405 2596 esse
446 2551 752 2608 proloquium
797 2552 939 2596 etiam
982 2551 1022 2595 si
1067 2550 1196 2595 dicas
1239 2551 1426 2596 ‘animal
1469 2554 1542 2597 est
1581 2551 1728 2595 omnis
1759 2551 1930 2595 homo’.

93 2609 287 2656 1111338
315 2626 363 2668 p.
385 2613 442 2656 97
479 2611 585 2655 Gr.:
620 2611 803 2668 Quippe
837 2612 886 2655 in
918 2611 1097 2655 ditione
1128 2626 1232 2656 mea
1263 2611 1526 2670 (dialectica
1560 2611 1776 2669 loquitur)
1808 2611 1932 2655 iure-

264 2781 287 2826 1
332 2780 408 2825 est
438 2777 571 2840 quod
604 2775 854 2838 mouetur]
894 2781 969 2826 est
1008 2794 1100 2828 om.
1123 2777 1215 2838 Pu
1239 2782 1297 2826 ut
1330 2782 1486 2827 restet
1509 2779 1551 2828 Ο
1567 2772 1592 2844 ΙΙ
1620 2781 1648 2827 3
1686 2795 1783 2828 non
1821 2797 1933 2829 con-

95 2840 221 2910 cedi]
259 2864 358 2896 non
392 2847 510 2896 add.
546 2849 674 2897 inter
709 2848 863 2897 lineas
894 2850 948 2897 in
986 2848 1028 2899 Ο
1062 2849 1086 2906 Η
1128 2853 1203 2897 θεῖ
1239 2850 1374 2913 quod
1410 2847 1528 2910 non]
1569 2852 1644 2897 est
1681 2865 1772 2898 om.
1812 2850 1862 2899 Ρ
1900 2850 1931 2912 ΙΙ

96 2918 127 2967 5
162 2934 481 2979 concessero
497 2920 546 2964 et
592 2918 689 2966 alia
728 2935 855 2981 quae
898 2918 1086 2982 aliquid
1125 2922 1388 2984 expectant
1445 2920 1510 2967 ad.
1548 2920 1931 2983 conplectionem

95 2988 364 3036 sententiae
399 2989 688 3036 sententiam
730 2989 1182 3051 compraehendunt
1213 2990 1506 3038 adiunxerat
1544 2991 1688 3038 aliam
1725 2992 1776 3038 B
1821 3009 1931 3039 con-

95 3062 283 3107 cessero
320 3059 470 3106 alium
503 3062 552 3105 et
587 3059 732 3105 aliam
770 3075 895 3121 quae
929 3060 1119 3122 aliquid
1155 3063 1418 3124 expectant
1454 3061 1516 3108 ad
1557 3061 1928 3124 completionem

93 3130 359 3176 sententiae
397 3130 688 3183 sententiam
723 3129 1156 3191 conprehendunt3
1212 3133 1492 3179 adiunxerit
1547 3131 1693 3177 aliam
1731 3131 1772 3180 G
1820 3148 1930 3178 con-

95 3214 282 3261 cessero
305 3203 355 3246 et
380 3198 477 3246 alia
511 3215 636 3262 quae
673 3198 859 3261 aliquid
885 3204 1148 3263 expectant
1178 3203 1241 3249 ad
1277 3201 1633 3263 conpletionem
1661 3203 1929 3248 sententiae

93 3256 380 3316 sententiam
400 3268 832 3332 conpraehendunt
849 3269 1146 3318 Adiunxerit
1174 3273 1317 3319 aliam
1339 3273 1390 3319 D
1431 3288 1711 3319 concessero
1750 3275 1800 3318 et
1835 3272 1931 3318 alia

95 3353 221 3402 quae
253 3331 443 3402 aliquid
469 3341 757 3401 exspectant
796 3338 859 3385 ad
897 3340 1295 3402 complectionem
1333 3343 1603 3389 sententiae
1638 3342 1951 3388 sententiam·

93 3407 510 3472 comprehendunt
529 3409 823 3457 Adiunxerit
847 3408 991 3455 aliam
1014 3408 1064 3457 Ρ
1088 3411 1149 3470 cf.
1170 3413 1334 3460 adnot.
1361 3413 1428 3459 ad
1442 3427 1495 3471 p.
1514 3414 1627 3468 163,
1652 3412 1682 3459 5
1704 3405 1728 3475 ΙΙ
1756 3413 1783 3456 7
1823 3427 1929 3457 εθ11-

255 3482 329 3505 rum

94 3518 251 3565 tentia
353 3522 407 3568 in
428 3520 526 3579 fine
559 3535 732 3568 uersus
752 3519 800 3567 P
818 3513 843 3584 ΙΙ
867 3522 896 3567 8
934 3536 1220 3571 concearum
1240 3524 1291 3572 B
1314 3523 1337 3580 ΙΙ
1364 3526 1392 3571 9
1433 3521 1717 3571 conceditur
1743 3523 1784 3574 O
1818 3539 1928 3572 con-

96 3587 227 3636 cedit
261 3590 313 3637 in
346 3589 444 3648 fine
476 3605 649 3639 uersus
690 3586 793 3656 ΡΙΙ
