2418 4048
1037 352 1100 398 59

147 516 332 570 peram
372 498 831 552 Vindobonenses
869 498 1005 550 haec
1055 497 1112 551 in
1163 497 1268 552 duo
1311 499 1589 551 enuntiata
1628 496 1984 570 discerpsisse

148 590 407 644 uiderunt
443 590 598 644 Weil
639 599 690 643 et
725 590 987 644 Benloew
1018 592 1053 643 l.
1090 591 1124 646 l.
1163 609 1216 662 p.
1241 590 1322 659 10,
1378 589 1476 643 sed
1516 589 1646 661 quid
1679 589 1843 642 lateat
1881 587 1980 641 sub

142 679 391 734 istamina
418 681 510 734 uel
547 681 793 749 stamina,
833 699 971 751 quae
1010 682 1267 751 frequens
1294 681 1568 751 corruptio
1608 688 1707 749 est,
1742 698 1851 732 non
1887 677 1980 731 ad-

149 772 320 826 secuti
361 780 501 826 sunt.
538 772 671 825 mihi
705 790 816 825 non
855 771 1078 825 dubium
1114 771 1349 840 uidetur,
1389 771 1519 842 quin
1557 770 1869 824 discrimina
1903 789 1984 823 so-

143 882 337 918 norum
377 864 434 917 in
472 882 608 918 uoce
643 863 879 919 humana
916 864 1238 934 quibuscum
1276 863 1492 934 singula
1519 862 1683 916 tibiae
1718 862 1985 915 foramina

148 972 418 1027 sonosque
456 973 556 1027 per
592 972 654 1007 ea
692 953 915 1007 emissos
954 954 1349 1025 conparauerit‚
1376 954 1464 1006 hic
1489 952 1847 1023 significanda
1867 952 1980 1006 fuc-

147 1045 275 1115 rint‚
314 1063 451 1116 quae
499 1065 598 1099 nos
651 1045 877 1098 dicimus
919 1050 1176 1099 intervalle
1221 1030 1596 1114 (cf.*AristOX.
1636 1044 1672 1097 l.
1709 1043 1745 1098 l.
1782 1063 1835 1116 p.
1873 1042 1983 1114 15),

144 1136 378 1208 ideoque
428 1136 678 1208 suspicor
728 1153 921 1188 uocem
958 1153 1209 1206 graecam
1251 1133 1603 1205 διαστήματα,
1659 1153 1819 1205 quam
1873 1154 1984 1189 non

143 1226 318 1298 magis
347 1227 622 1280 intellexit
648 1227 900 1279 librarius
937 1245 1097 1298 quam
1127 1227 1306 1279 omnia
1326 1245 1537 1297 graeca,
1575 1227 1650 1279 ita
1670 1235 1983 1297 corruptam

145 1335 280 1372 esse.
353 1317 590 1389 denique
628 1317 695 1370 dc
737 1317 879 1370 notis
919 1325 972 1370 et
1013 1317 1204 1370 ordine
1239 1325 1561 1370 accentuum
1583 1317 1758 1370 Varro
1800 1317 1981 1389 dispu-

141 1408 291 1462 tauit.
365 1408 510 1481 quod
569 1417 750 1462 autem
792 1427 956 1480 supra
994 1409 1152 1480 posui
1192 1408 1501 1462 Varronem
1552 1426 1664 1462 non
1701 1410 1878 1462 solum
1914 1408 1982 1461 dc

143 1499 455 1554 accentibus
497 1501 695 1572 egisse,
733 1518 927 1553 uerum
968 1500 1132 1553 etiam
1186 1499 1254 1552 de
1293 1500 1488 1571 spiritu
1538 1507 1593 1553 et
1647 1500 1983 1571 syllabarum

142 1590 490 1662 longitudine
531 1598 583 1644 et
622 1590 905 1658 breuitate,
960 1591 1016 1643 id
1069 1598 1315 1644 extrema
1351 1591 1527 1644 libelli
1568 1590 1820 1647 Seruiani
1857 1610 1982 1645 con-

139 1683 388 1736 firmatur
423 1683 708 1755 particula,
761 1702 867 1754 qua
915 1682 983 1736 de
1036 1683 1384 1754 longitudine
1426 1683 1762 1753 syllabarum
1799 1683 1976 1736 diuer-

143 1773 324 1849 sisque
363 1774 716 1828 metricorum
756 1782 808 1827 et
833 1774 1271 1845 rhythmicorum
1292 1775 1594 1828 rationibus
1618 1775 1711 1845 (cf.
1735 1776 1804 1829 A.
1821 1776 1981 1830 Ross-

139 1865 278 1921 bach
313 1865 522 1938 griech.
562 1866 804 1938 rhythm.
844 1885 896 1938 p.
922 1867 1009 1934 18)
1050 1885 1175 1920 eum
1213 1866 1520 1938 disputasse
1559 1866 1836 1921 docemur.

167 1942 170 1946 ’
302 1957 620 2029 Antequam
659 1958 971 2030 quaerimus
1015 1977 1120 2030 quo
1167 1959 1225 2011 in
1277 1958 1419 2011 libro
1472 1959 1568 2012 has
1616 1977 1705 2013 res
1742 1959 1978 2033 scriptor

140 2056 459 2120 persecutus
497 2048 581 2117 sit,
616 2069 789 2122 pauca
827 2049 895 2102 de
937 2051 1052 2103 eius
1094 2051 1403 2105 auctoribus
1448 2058 1502 2104 et
1548 2059 1734 2104 nostro
1775 2051 1978 2119 Varro-

137 2138 331 2191 nianae
371 2137 650 2191 doctrinae
689 2146 910 2192 auctore
947 2139 1344 2210 interponenda
1367 2147 1507 2194 sunt.
1544 2160 1673 2194 usus
1700 2147 1781 2194 est
1796 2140 1974 2193 Varro

139 2228 506 2300 Tyrannionis
529 2230 571 2298 ¹)
612 2229 771 2298 libro,
808 2248 970 2302 quem
1017 2231 1154 2284 hanc
1181 2238 1402 2284 tenuem
1440 2230 1677 2296 θεωρίαν
1720 2239 1979 2285 tractasse

140 2337 170 2372 e
208 2317 491 2373 Ciceronis
531 2320 761 2391 epistula
798 2321 866 2374 ad
903 2321 1151 2375 Atticum
1190 2321 1305 2375 XII
1333 2321 1438 2390 6,2
1477 2329 1667 2375 notum
1709 2330 1846 2390 erat3
1885 2322 1978 2375 mi-

137 2423 240 2464 nus
277 2411 488 2463 certum
524 2410 744 2464 uidetur
793 2432 924 2465 num
979 2413 1076 2466 has
1119 2413 1462 2485 quaestiones
1518 2413 1586 2466 de
1627 2414 1977 2484 generalibus

137 2499 515 2574 prosodiarum
538 2501 756 2572 legibus
789 2503 846 2556 in
869 2503 1008 2556 libro
1046 2502 1170 2568 περὶ
1205 2503 1296 2570 τῆς
1327 2500 1613 2571 Ὁμηρικῆς
1652 2503 1975 2572 προσῳδίας,

137 2599 287 2646 recte
335 2592 405 2646 ad
459 2594 722 2647 maiorem
763 2595 1174 2666 Tyrannionem
1213 2597 1385 2649 relato
1425 2597 1491 2649 ab
1526 2595 1598 2651 H.
1637 2595 1870 2649 Planero
1909 2595 1976 2648 de

136 2682 377 2762 Tyrann.
413 2702 643 2754 gramm.
682 2705 735 2757 p.
758 2686 806 2753 7,
856 2687 1190 2757 exposuerit.
1265 2687 1423 2740 huius
1477 2705 1609 2740 uero
1651 2687 1975 2740 sententiam

140 2774 210 2831 de
249 2783 505 2848 quattuor
543 2777 814 2846 prosodiis
859 2797 980 2832 cum
1019 2797 1171 2832 suam
1207 2779 1418 2848 fecerit,
1473 2797 1585 2831 non
1630 2778 1975 2850 inprobabile

143 2874 225 2920 est
262 2885 384 2921 eum
425 2887 494 2922 ex
531 2859 726 2921 eodem
762 2869 904 2922 libro
950 2870 1086 2922 haec
1130 2869 1227 2922 illa
1271 2869 1338 2923 de
1376 2869 1619 2942 priorum
1661 2869 1974 2939 grammati-

137 2975 322 3012 corum
360 2959 574 3031 placitis
613 2961 905 3031 accepisse.
945 2979 1014 3014 ex
1047 2961 1132 3015 his
1169 2962 1478 3015 auctoribus
1504 2981 1614 3015 non
1644 2962 1816 3031 magis
1851 2980 1974 3013 con-

141 3049 360 3102 stat'de
406 3050 676 3122 Dionysio
724 3051 988 3123 Olympio
1040 3072 1201 3122 quam
1257 3054 1324 3107 de
1366 3053 1693 3126 Epicharmo
1739 3053 1971 3124 Syracu-

302 3273 348 3328 1)
382 3274 439 3318 cf.
456 3276 691 3320 turbatam
711 3277 880 3320 Suidae
897 3277 955 3320 de
973 3277 1343 3332 Tyrannionibus
1366 3277 1566 3333 glossam
1589 3277 1719 3320 cl.W.
1735 3277 1970 3319 Drumann

135 3352 286 3408 gesch.
320 3353 461 3398 Roms
487 3356 527 3400 V
562 3371 606 3412 p.
628 3356 698 3400 85.
732 3357 766 3399 I.
789 3358 1140 3400 Hasenmueller
1170 3358 1225 3400 de
1258 3357 1497 3401 Strabonis
1530 3371 1688 3412 geogr.
1726 3357 1823 3399 uita
1855 3355 1971 3411 923

135 3445 203 3487 sq.
233 3431 269 3475 Ι.
288 3432 490 3490 Bernays
524 3436 567 3479 d.
601 3437 783 3494 dialoge
815 3438 895 3481 des
927 3438 1122 3482 Aristot.
1158 3455 1202 3495 p.
1225 3439 1413 3483 31.150.
1453 3454 1556 3483 cum
1588 3453 1701 3481 uero
1734 3437 1970 3480 Ciceronis

136 3510 336 3566 epistula
360 3527 398 3556 a.
415 3529 460 3557 u.
479 3515 707 3560 DCCVIII
727 3518 903 3573 scripta
933 3518 994 3561 sit
1024 3518 1098 3572 (cf.
1117 3518 1166 3561 F.
1179 3519 1250 3563 W.
1266 3519 1459 3562 Fischer
1478 3533 1615 3560 roem.
1637 3517 1762 3560 zeitt.
1782 3533 1821 3573 p.
1841 3515 1968 3569 297).

135 3591 253 3634 male
287 3594 494 3636 correxit-
526 3595 713 3640 Suidam
746 3597 807 3639 M.
840 3597 1051 3641 Schmidt
1083 3597 1310 3654 Philolog.
1349 3598 1427 3641 Vll
1460 3614 1504 3654 p.
1534 3597 1631 3640 365.
