2280 4088
959 340 1057 386 113

104 486 241 540 nihil
277 485 348 539 de
379 485 480 538 hac
521 484 779 538 traditum
815 489 912 537 est.
955 481 1386 554 praepositiones
1421 487 1743 534 contra'non
1771 498 1938 550 agno?

101 577 246 632 uisse
283 576 525 644 uid‘etur3
567 575 812 645 quamuis
851 574 993 628 enim
1035 580 1102 628 ad
1137 579 1198 627 ab
1228 580 1284 627 in
1315 592 1389 637 ex,
1429 572 1527 626 scd
1559 572 1617 626 re
1650 588 1866 644 quoque
1888 577 1942 623 et

101 675 167 721 ut·
206 667 425 721 uide‘tur
469 673 546 722 dis
596 666 919 738 praeuerbia
961 665 1104 718 dicat
1150 664 1242 733 (cle
1280 662 1484 717 1.1.V1
1511 662 1579 715 38
1617 681 1669 734 p⁴
1691 663 1791 715 217
1812 662 1939 732 sq.),

103 776 167 812 ea
203 757 262 812 in
300 759 440 813 libro
488 766 675 813 nostro
729 757 990 811 aduerbia
1038 755 1230 809 localia
1275 753 1595 826 adpellauit.
1668 753 1739 807 ad
1790 754 1937 807 hunc

103 849 246 903 enim
282 850 559 921 pertinere
598 848 833 902 arbitror
874 865 1010 918 quae
1054 846 1123 900 ad
1174 846 1379 917 calcem
1417 844 1610 901 Scauri
1647 844 1714 898 de
1753 844 1933 898 ortho-

102 941 336 1014 graphia
367 958 420 1014 p.
453 940 591 994 2262
623 960 701 1012 sq.
760 940 1021 1011 leguntur
1060 939 1320 1008 nulloque
1359 937 1583 991 uinculo
1624 956 1746 990 cum
1784 954 1938 1009 prae·

102 1032 267 1086 missa
301 1032 644 1105 expositione
683 1031 970 1090 coniuncta
1008 1036 1146 1083 sunt.
1185 1029 1254 1082 ad
1278 1029 1446 1082 finem
1477 1029 1622 1082 enim
1647 1028 1755 1081 iam
1777 1035 1936 1082 antea

102 1117 340 1179 Scaurus
376 1123 576 1176 librum
615 1121 952 1194 perduxerat
987 1139 1039 1192 p.
1060 1120 1197 1174 2262
1229 1120 1379 1173 ‘haec
1406 1128 1530 1173 sunt
1553 1138 1689 1189 quae
1715 1119 1939 1191 urgenti

99 1221 350 1284 tempore
387 1212 685 1285 'complecti
715 1212 813 1265 tibi
849 1212 906 1264 in
943 1210 1250 1283 praesentia
1275 1211 1428 1283 potui
1448 1211 1692 1279 Theseu3
1736 1212 1780 1263 si
1810 1210 1939 1280 quid

105 1304 370 1376 exemplis
393 1303 658 1356 defecerit
673 1303 766 1355 uel
787 1303 1192 1372 quaestionibus
1214 1303 1594 1374 subiungetur,
1626 1322 1768 1369 nam,
1793 1301 1936 1374 quod

99 1394 168 1448 ad·
205 1412 324 1448 rem
358 1393 592 1447 maxime
629 1393 868 1466 pertinet
901 1394 1152 1465 regulam
1188 1393 1378 1447 uidcs’.
1448 1393 1645 1446 deinde
1685 1393 1939 1448 continuo

99 1492 357 1540 secuntur
398 1484 663 1557 quaedam
694 1485 762 1537 de
796 1476 1062 1556 scriptura
1086 1484 1332 1537 aduerbii
1355 1484 1615 1555 temporis
1636 1505 1756 1548 cum,
1801 1503 1937 1554 quae

100 1575 448 1649 excipiuntur
487 1576 741 1647 longiore
776 1574 1143 1649 disputatione
1185 1575 1253 1628 de
1295 1575 1573 1630 aduerbiis
1613 1575 1876 1630 localibus
1912 1594 1940 1631 e

103 1668 354 1722 Varrone
390 1667 684 1740 exscripta,
723 1667 957 1738 denique
1015 1666 1256 1720 adiectae
1311 1675 1438 1721 sunt
1498 1669 1695 1721 breues
1757 1669 1936 1721 obser-

98 1756 346 1814 uationes
397 1758 854 1830 orthographicae
906 1767 959 1811 et
1011 1757 1249 1811 secunda
1284 1758 1542 1828 clausula,
1584 1769 1697 1830 'qua
1735 1759 1934 1812 iterum

99 1850 383 1905 breuitatis
409 1850 634 1904 'ueniam
673 1850 812 1922 petit
848 1849 940 1922 qui
978 1867 1097 1903 eam
1136 1849 1371 1920 scripsit.
1410 1849 1507 1903 uix
1546 1850 1810 1904 credibile
1851 1858 1933 1904 est

99 1941 371 1999 Scaurum
419 1950 528 1995 tam
572 1943 938 2013 neglegenter
973 1941 1143 1994 libros
1185 1960 1310 1994 suos
1347 1942 1715 2012 conposuisse,
1776 1962 1938 2015 quam

103 2034 171 2087 ob
207 2051 329 2087 rem>
361 2033 427 2086 ab
474 2033 579 2087 alio
633 2033 868 2103 quodam
915 2032 1152 2101 homine,
1199 2031 1291 2102 qui
1327 2032 1488 2085 simul
1523 2031 1719 2088 Scauri
1760 2034 1932 2106 epilo-

10 2127 12 2129 ’
95 2121 573 2197 gum‘discerpsit,
609 2125 703 2178 illa
735 2124 1059 2197 interposita
1096 2141 1214 2177 esse
1248 2124 1513 2196 suspicor.
1549 2125 1647 2178 sed
1689 2125 1934 2197 quisquis

94 2216 190 2269 ille
225 2224 355 2283 erat,
391 2217 532 2269 bene
572 2216 640 2268 de
676 2216 833 2269 nobis
869 2215 1085 2284 meruit,
1127 2215 1272 2285 quod
1310 2223 1422 2268 tam
1444 2215 1782 2270 luculentum
1803 2236 1930 2289 pan-

15 2341 19 2344 ·
96 2325 225 2360 num
261 2306 541 2362 doctrinae
575 2307 950 2360 Varronianae
987 2306 1143 2361 nobis
1182 2306 1438 2360 seruauit.
1516 2307 1785 2378 expositio
1834 2308 1927 2367 illa

97 2397 169 2452 de
220 2397 493 2452 aduerbiis
531 2398 768 2451 Varroni
827 2398 1029 2451 diserte
1099 2397 1424 2452 adscribitur
1478 2415 1703 2468 eamque
1764 2407 1931 2457 totam

96 2489 396 2543 interiectis
434 2490 756 2560 quibusdam
805 2489 999 2544 alienis
1050 2507 1078 2542 e
1116 2489 1369 2543 Varrone
1425 2490 1649 2544 fluxisse
1695 2491 1836 2544 uidit
1871 2491 1932 2547 O.

94 2579 411 2665 Lachmann
468 2580 537 2635 ad
590 2580 748 2635 Lucr.
801 2581 887 2635 III
915 2581 1017 2635 835
1072 2601 1127 2654 p.
1163 2581 1297 2635 186:
1357 2581 1501 2635 ‘sunt
1564 2589 1743 2636 autem
1803 2583 1932 2637 illae

94 2679 206 2727 tres
245 2673 488 2727 Putschii
526 2673 760 2744 paginae
800 2681 1094 2746 excerptae
1138 2691 1166 2726 e
1200 2673 1342 2726 libro
1383 2673 1664 2742 Varronis,
1718 2674 1816 2729 sed
1851 2675 1930 2730 in-

3 2791 6 2794 *
95 2765 398 2838 terpolatae
431 2765 498 2818 iis
537 2783 675 2838 quae
717 2765 822 2818 alio
863 2764 1026 2818 modo
1065 2769 1329 2836 concepta
1366 2765 1628 2835 leguntur
1665 2765 1722 2819 in
1754 2786 1931 2837 gram·

92 2855 306 2909 maticis
337 2855 701 2910 Eichenfeldii
735 2877 787 2929 p.
806 2856 945 2910 452’.
990 2857 1191 2929 optime
1233 2856 1379 2909 enim
1416 2856 1694 2911 intellexit
1728 2878 1759 2912 a
1794 2859 1930 2912 Var-

95 2965 228 3001 rone
268 2947 381 3002 non
414 2950 663 3022 profecta
722 2967 840 3002 esse
897 2968 1034 3019 quae
1087 2950 1254 3003 nimia
1301 2950 1635 3004 uerbositate
1691 2951 1758 3004 de
1800 2953 1930 3006 scri-

95 3037 293 3114 bendis·
328 3060 352 3095 e
390 3040 482 3093 uel
522 3060 595 3104 ex,
636 3061 666 3094 a
702 3041 794 3094 uel
830 3048 891 3094 ab
928 3059 982 3112 p.
1002 3040 1142 3094 2262
1164 3062 1243 3113 sq.
1284 3042 1548 3114 leguntur
1583 3050 1637 3095 et
1679 3042 1931 3097 similiter

97 3147 127 3182 e
167 3130 357 3184 codice
397 3131 644 3185 Parisino
685 3133 821 3185 7520
855 3153 885 3185 a
917 3131 1442 3187 Vindobonensibus
1485 3133 1630 3186 edita
1666 3141 1806 3187 sunt.
1845 3134 1929 3187 his

97 3219 264 3291 igitur
299 3222 519 3276 reiectis
539 3225 581 3291 ¹)
612 3223 823 3294 reliqua
851 3223 993 3277 libro
1018 3223 1087 3276 de
1111 3226 1463 3296 grammatica
1482 3225 1706 3293 (fr.101)
1732 3225 1931 3294 tribuO,

321 3355 426 3362 ...ω-

193 3409 224 3432 ‘
262 3421 305 3477 1)
339 3421 496 3465 Etiam
542 3435 657 3479 quae
697 3421 818 3466 hanc
859 3420 1224 3478 disputationem
1255 3421 1491 3477 excipiunt
1522 3421 1584 3477 (p.
1603 3419 1736 3476 2264)
1770 3419 1828 3463 de
1861 3433 1931 3463 re-

96 3500 181 3545 bus
212 3501 582 3559 orthographicis
607 3501 931 3547 Lachmannus
965 3501 1026 3546 ad
1055 3502 1318 3546 Varronem
1348 3501 1545 3546 rettulit.
1612 3500 1695 3545 sed
1722 3500 1929 3556 quamuis

95 3593 180 3637 per
210 3593 257 3624 se
290 3580 533 3636 probabile
565 3581 781 3626 uideatur
826 3580 982 3626 omnia
1022 3581 1410 3639 interpolatorem
1450 3595 1507 3625 ex
1538 3593 1638 3626 ,uno
1671 3579 1926 3635 eodemque

1600 3660 1627 3703 8
