2280 4088
996 285 1101 366 93.

112 468 178 522 de
215 467 296 521 Ti.
336 466 567 521 Claudio
611 465 842 519 Caesare
879 483 1108 535 gramm.
1148 482 1201 535 p.
1233 466 1260 516 7
1297 466 1400 535 sq.)
1450 471 1502 516 et
1537 464 1771 533 antiquis
1812 471 1946 516 tem—

109 557 331 632 poribus
370 558 644 612 Romanos
679 575 778 630 pro
815 554 867 607 V
907 563 1238 610 consonante
1283 561 1323 614 Ρ
1358 555 1451 607 1101
1484 556 1663 625 potius
1702 555 1944 625 ipsorum

109 651 156 706 F
196 649 475 722 scripsisse
515 649 738 718 addidit,
778 647 923 720 quod
943 647 1254 702 Priscianus
1278 665 1492 718 quoque
1513 655 1739 699 testatur
1760 647 1786 698 Ι
1809 647 1859 714 4,
1883 646 1947 697 12

109 759 163 814 p.
194 742 254 797 11
286 741 385 796 H.:
420 741 481 794 ‘F
521 740 810 795 Aeolicum
847 740 1134 810 digamma,
1177 738 1321 810 quod
1358 737 1501 810 apud
1541 737 1944 810 antiquissimos

109 832 400 885 latinorum
451 831 679 884 eandem
726 832 838 884 uim
890 850 1050 901 quam
1106 830 1250 903 apud
1297 829 1489 882 Aeolis
1543 829 1766 882 habuit’.
1842 847 1942 900 pro

30 923 34 926 ⁴
110 941 431 994 graecorum
480 922 531 971 Ψ
560 923 618 976 in
653 923 762 976 fine
798 923 1185 975 uocabulorum
1223 921 1400 993 posito
1436 920 1615 973 Varro
1666 920 1943 992 praecepit

114 1002 335 1082 (fn-47),
374 1020 434 1065 ut
489 1013 544 1065 in
595 1012 927 1066 nominatiuo
977 1019 1030 1066 bs
1071 1011 1419 1080 scriberetur,
1474 1011 1518 1063 si
1556 1012 1845 1080 genetiuos
1886 1012 1942 1063 in

109 1111 196 1167 bia,
226 1102 370 1170 ps'si
404 1102 460 1155 in
494 1111 576 1169 pis
614 1103 790 1156 exiret
825 1111 885 1155 ut
925 1103 1054 1156 urbs
1078 1097 1148 1156 'et
1187 1104 1349 1175 stirps
1387 1104 1477 1172 (cf.
1503 1102 1808 1157 Schneider
1846 1104 1882 1156 l.
1912 1103 1946 1156 l.

107 1194 307 1266 lxi-218.
349 1192 586 1247 Corssen
622 1194 720 1248 1.1.
759 1213 811 1265 p.
852 1193 921 1246 60
957 1195 1081 1265 sq.),
1138 1194 1532 1265 etymologiam
1571 1202 1624 1246 et
1671 1194 1948 1266 antiquom

107 1302 430 1355 graccorum
464 1303 674 1337 morem
710 1293 923 1338 secutus
977 1286 1071 1351 (cf.
1114 1286 1249 1338 Mar.
1287 1285 1429 1338 Vict.
1468 1285 1496 1337 Ι
1526 1286 1577 1353 4,
1609 1286 1676 1337 74
1714 1305 1764 1356 p.
1789 1285 1944 1338 2466.

106 1359 154 1428 I'.
187 1375 368 1430 Franz
402 1377 560 1431 elem.
600 1376 884 1448 epig-raph.
923 1395 1005 1447 gr.
1047 1396 1100 1448 p.
1132 1376 1202 1427 20
1220 1376 1343 1448 sq.).
1396 1376 1725 1447 posteriores
1765 1395 1941 1445 gram-

106 1466 286 1520 matici
325 1467 527 1539 ubique
561 1490 626 1535 ps
661 1469 900 1522 scribere
939 1468 1231 1521 uoluerunt
1280 1467 1565 1537 analogiae
1618 1467 1829 1519 cuidam
1873 1469 1943 1520 si-

105 1558 338 1612 mulatae
379 1576 485 1631 qua
521 1568 574 1611 et
597 1559 806 1631 Cinyps
829 1559 1097 1630 Cinyphis
1137 1559 1275 1625 (siue
1300 1557 1510 1631 Cynips
1545 1558 1692 1611 illius
1732 1558 1942 1629 Libyae

103 1649 340 1703 fluminis
360 1669 561 1704 nomen
586 1654 686 1718 est)
711 1651 1048 1704 scriberetur
1085 1652 1540 1722 obtemperantes,
1573 1659 1630 1703 ut
1653 1651 1944 1704 Terentius

101 1739 344 1796 Scaurus
377 1760 429 1813 p.
451 1741 604 1807 2261,
648 1742 969 1815 Papirianus
997 1762 1050 1814 p.
1070 1741 1226 1810 2291,
1252 1742 1455 1795 Marius
1475 1742 1791 1796 Victorinus
1829 1743 1862 1796 l.
1887 1763 1946 1811 s.,

25 1849 28 1852 ’
107 1829 328 1884 Curtius
367 1832 695 1885 Valerianus
733 1852 786 1904 p.
819 1832 976 1901 2289,
1027 1852 1167 1885 unus
1208 1831 1399 1886 Velius
1444 1831 1670 1903 Longus
1725 1852 1778 1903 p.
1807 1832 1944 1886 2:233

106 1916 354 1975 ueterum
392 1923 698 1977 auctoritati
738 1923 962 1977 obedire
1001 1923 1221 1976 mauolt.

267 2014 363 2069 Ad
400 2015 493 2067 lib
509 2034 582 2068 ru
598 2035 650 2067 111
687 2035 711 2068 s
729 2033 757 2067 e
773 2035 801 2068 c
816 2035 852 2068 11
869 2034 906 2067 11
922 2014 956 2066 (1
971 2035 1006 2067 11
1024 2034 1076 2067 111
1115 2015 1297 2067 refero
1341 2032 1477 2085 quae
1517 2016 1661 2087 apud
1686 2015 1938 2087 Longum

107 2102 412 2158 Cornutum
449 2105 799 2177 Papirianum
837 2106 903 2158 de
942 2105 1125 2159 uerbis
1157 2111 1345 2159 delirus
1382 2105 1469 2173 (fr.
1498 2107 1588 2171 50)
1625 2113 1949 2160 interuallum

105 2195 193 2264 (fr.
213 2196 307 2264 51)
328 2217 453 2251 παν-ο
477 2197 562 2264 (fr.
585 2198 674 2266 52)
699 2199 978 2269 leguntur,
1018 2200 1085 2252 de
1108 2201 1298 2269 quibus
1322 2221 1442 2254 cum
1470 2201 1778 2274 fragmenta
1810 2203 1938 2275 quid

11 2345 16 2350 .
107 2285 339 2358 scriptor
377 2287 622 2342 docuerit
659 2291 945 2343 ostendant
979 2292 1228 2363 pluribus
1266 2293 1417 2362 loqui
1455 2312 1565 2346 non
1608 2313 1741 2364 opus
1783 2303 1880 2346 est.

198 2400 201 2407 ¹
275 2378 528 2450 Denique
580 2399 751 2451 pauca
801 2383 869 2435 de
906 2382 1408 2453 adspiratione
1460 2403 1621 2455 quam
1660 2386 1717 2438 in
1756 2385 1946 2439 libro

108 2468 334 2522 tertio
373 2478 656 2526 tractatam
694 2473 861 2527 fuisse
900 2474 1100 2528 scimus
1138 2474 1332 2530 adicio,
1383 2475 1761 2547 adspirationis
1802 2478 1943 2531 enim

107 2567 290 2612 notam
343 2580 452 2614 non
499 2563 736 2617 litteram
775 2564 833 2617 H
873 2584 991 2619 esse
1030 2566 1209 2618 Varro
1230 2568 1271 2633 1)
1318 2567 1512 2635 uoluit,
1567 2568 1710 2639 quod
1758 2569 1814 2620 in
1862 2570 1945 2622 his

104 2651 330 2720 quidem
364 2653 517 2707 libris
559 2655 762 2709 dictum
805 2657 969 2710 fuisse
1021 2677 1132 2711 non
1182 2658 1399 2711 disertis
1442 2658 1623 2711 uerbis
1662 2668 1947 2729 testantur,

108 2743 203 2796 sed
241 2751 295 2796 et
330 2763 401 2797 ex
437 2746 514 2801 eis
551 2748 796 2820 sequitur
835 2768 972 2819 quae
1013 2750 1193 2802 statim
1231 2749 1482 2818 referam,
1521 2758 1575 2803 et
1610 2750 1666 2803 in
1703 2751 1842 2804 libro
1876 2753 1942 2804 de

107 2838 461 2905 grammatica
498 2848 686 2911 aperte
723 2841 957 2912 positum
999 2850 1130 2894 erat.
1204 2850 1391 2895 contra
1429 2843 1567 2895 hanc
1622 2843 1944 2896 sententiam

108 2945 305 2999 magna
342 2948 465 2982 cum
508 2931 804 2985 subtilitate
842 2941 894 2985 et
934 2933 1180 2986 doctrina
1205 2941 1593 3005 pugnauerunt
1613 2934 1945 3004 posteriores

53 3051 61 3054 -
108 3020 468 3091 grammatici,
518 3031 643 3076 ante
696 3023 830 3076 alios
869 3025 1064 3077 Velius
1104 3025 1331 3095 Longus
1372 3027 1447 3096 (p.
1474 3026 1637 3092 2217)
1689 3035 1741 3078 ct
1781 3026 1947 3081 Scau-

107 3129 198 3164 rus
244 3111 318 3183 (p.
341 3111 518 3182 2258).
574 3113 753 3185 Longi
791 3115 1058 3188 adponam
1098 3116 1274 3189 prima
1310 3119 1495 3185 uerba,
1535 3135 1564 3169 e
1605 3117 1798 3186 quibus
1839 3136 1944 3187 qua

108 3200 315 3256 ratione
354 3202 471 3256 fere
511 3203 685 3257 Varro
725 3205 863 3259 illud
905 3208 1150 3260 statuerit
1192 3207 1466 3261 discimus,
1518 3207 1589 3260 ‘H
1629 3208 1822 3260 littera'
1862 3208 1941 3259 in-

275 3410 318 3466 l)
347 3411 400 3454 In
429 3411 515 3456 hac
547 3426 730 3469 quoque
763 3427 812 3457 re
843 3413 1083 3470 Nigidium
1115 3416 1347 3460 adseclam
1377 3416 1519 3460 fuisse
1550 3416 1772 3459 Varronis
1806 3416 1944 3459 docet

109 3487 224 3534 Mar.
255 3490 377 3534 vict.
410 3491 432 3534 I
464 3492 508 3545 4,
542 3492 571 3535 5
603 3507 646 3548 p.
675 3492 793 3536 2456
812 3493 860 3536 Ρ.
926 3498 1133 3538 ceterum
1165 3496 1223 3541 cf.
1255 3496 1508 3539 Schneider
1538 3496 1566 3538 l.
1604 3496 1632 3538 l.
1672 3511 1717 3551 p.
1751 3496 1840 3540 180
1879 3511 1945 3554 sq.

112 3570 307 3613 Gorssen
339 3571 365 3613 l.
397 3571 426 3614 l.
458 3587 501 3628 p.
519 3572 576 3616 46
595 3588 660 3628 sq.
