2222 4056
1124 337 1219 383 136

258 498 310 550 p.
347 479 465 531 482.
506 478 649 530 X83
683 498 735 548 p.
766 478 871 531 590
915 487 1276 550 exponuntur,
1335 480 1479 550 quod
1531 481 1671 533 enim
1733 491 1918 535 natura
1966 503 2074 536 non

258 569 442 622 subest
476 569 627 620 deest
663 568 1020 622 multitudinis
1059 589 1229 622 casus.

423 658 762 712 Contrariam
801 667 1008 730 partem
1047 660 1287 712 eiusdem
1328 661 1655 729 quaestionis
1679 662 1856 715 Varro
1889 671 2074 719 tracta-

256 751 337 802 uit
367 750 424 803 in
460 749 612 802 libris
666 749 742 801 de
779 750 1102 802 utilitate
1141 751 1515 819 sermonis,
1573 770 1800 820 quorum
1834 755 2075 808 notitiam

257 839 323 891 ad
361 859 460 892 nos
490 838 713 910 pertulit
734 839 1010 893 Charisius
1037 840 1219 911 p.123,
1232 842 1281 909 3,
1321 840 1410 911 qui
1450 841 1627 893 Plinio
1662 850 1881 896 auctore
1910 863 2074 897 unum

254 931 484 982 uerbum
533 928 624 998 (fr.
661 930 759 981 110
794 930 863 982 cf.
905 947 1066 998 supra
1099 948 1152 1000 p.
1172 930 1262 998 34)
1310 949 1379 983 ex
1415 931 1554 984 libro
1595 940 1782 1002 quarto
1821 935 2075 988 seruauit.

254 1018 539 1071 utilitatem
577 1018 914 1070 similitudini
952 1020 1178 1090 opponit
1195 1019 1373 1072 Varro
1400 1020 1467 1073 de
1492 1022 1527 1073 l.
1552 1022 1586 1075 1.
1608 1021 1777 1075 VIIII
1795 1022 1864 1075 48
1883 1024 2076 1094 p.490:

255 1108 413 1175 ‘cum,
450 1106 717 1175 inquiunt,
752 1107 997 1160 utilitatis
1027 1127 1183 1161 causa
1202 1108 1509 1162 introducta
1529 1110 1597 1163 sit
1622 1111 1808 1180 oratio,
1849 1128 2074 1183 sequen-

255 1198 382 1249 dum
417 1215 527 1249 non
569 1215 703 1266 quae
741 1198 959 1251 habebit
1003 1198 1414 1252 similitudinem
1449 1201 1546 1253 sed
1594 1219 1729 1272 quae
1766 1202 2071 1257 utilitatem.

255 1304 359 1357 ego
401 1285 617 1357 quidem
655 1287 897 1340 utilitatis
937 1308 1095 1340 causa
1123 1288 1422 1341 orationem
1458 1292 1653 1343 factam
1684 1293 1944 1363 conced0,
1981 1295 2077 1348 sed

252 1384 313 1429 ut
350 1377 749 1444 uestimentum,
801 1395 983 1449 quare,
1036 1386 1094 1430 ut
1126 1379 1214 1431 hic
1252 1379 1630 1434 similitudines
1670 1400 1976 1454 sequemur,
2017 1393 2076 1436 ut

253 1467 423 1520 uirilis
478 1466 656 1519 tunica
702 1467 770 1519 sit
812 1468 958 1520 uirili
1001 1469 1205 1538 similis,
1260 1469 1388 1522 item
1445 1478 1572 1541 toga
1617 1478 1792 1541 togae,
1846 1473 1923 1526 sic
1962 1493 2074 1526 mu—

252 1557 448 1610 lierum
488 1557 626 1610 stola
658 1565 718 1609 ut
756 1557 824 1610 sit
858 1559 1026 1610 stolae
1063 1560 1413 1632 proportione
1450 1567 1504 1613 et
1537 1561 1760 1633 pallium
1800 1563 1965 1633 pallio
2004 1564 2074 1617 si-

253 1648 398 1715 mile,
449 1646 524 1699 sic
563 1666 685 1699 cum
734 1647 841 1700 sint
887 1648 1106 1701 nomina
1153 1649 1401 1702 utilitatis
1441 1670 1619 1719 causa,
1670 1659 1852 1705 tamen
1898 1653 2077 1707 uirilia

252 1739 393 1791 inter
430 1757 487 1791 se
530 1739 740 1807 similia,
794 1739 924 1792 item
959 1740 1248 1794 muliebria
1294 1741 1436 1795 inter
1480 1761 1537 1795 se
1578 1743 1729 1814 sequi
1781 1744 2075 1815 debemus',

255 1830 569 1898 quibuscum
628 1832 818 1883 confer
869 1850 1004 1900 quae
1040 1832 1189 1886 VIII
1216 1833 1284 1885 26
1325 1852 1377 1904 p.
1397 1833 1597 1903 410sq.
1648 1834 1705 1887 in
1754 1835 2075 1889 contrariam

250 1927 459 1990 partem
501 1920 768 1992 disputata
807 1930 945 1975 sunt.
983 1941 1171 1976 ueram
1202 1925 1462 1977 Varronis
1502 1926 1825 1978 sententiam
1867 1926 1935 1979 de
1973 1928 2075 1980 hac

249 2022 308 2056 re
341 2012 395 2056 et
437 2005 584 2076 prior
616 2006 769 2058 locus
809 2015 861 2058 et
894 2026 1030 2076 quae
1071 2028 1232 2080 supra
1272 2027 1340 2062 ex
1375 2009 1512 2062 libro
1567 2017 1756 2062 octauo
1811 2010 2073 2082 adscripsi

252 2101 304 2146 et
337 2102 481 2147 totus
521 2095 660 2148 liber
700 2097 941 2149 decimus
979 2098 1227 2150 ostendit.
1290 2117 1608 2170 persuasum
1646 2099 1694 2152 ei
1731 2108 1862 2168 erat,
1894 2100 1951 2153 in
1988 2101 2076 2154 de-

250 2184 626 2238 clinationibus
667 2187 989 2256 analogiam,
1047 2208 1205 2260 quam
1247 2189 1376 2258 quid
1417 2207 1535 2242 esse
1573 2190 1747 2243 uoluit
1781 2209 1928 2244 nunc
1967 2209 2076 2244 non

249 2291 561 2346 persequor,
599 2295 812 2347 regere,
854 2285 1231 2349 praeterquam
1272 2279 1417 2349 quod
1454 2280 1656 2352 aliquid
1703 2280 2073 2352 perspicuitati

252 2374 304 2416 et
355 2365 610 2417 similium
663 2367 1050 2420 uocabulorum
1109 2369 1441 2422 distinctioni
1493 2369 1904 2423 concedendum
1959 2388 2076 2424 esse

250 2454 474 2507 censuit.
546 2455 799 2525 idemque
838 2457 923 2509 hic
971 2477 1183 2527 quoque
1233 2458 1480 2513 docuisse
1522 2459 1755 2513 uidetur.
1830 2460 1887 2512 in
1923 2459 2075 2514 libris

251 2545 391 2596 enim
428 2545 495 2597 de
523 2546 712 2614 lingua
739 2547 919 2616 latina,
959 2549 1051 2600 ubi
1091 2549 1268 2602 omnia
1306 2550 1686 2622 conplectitur,
1723 2569 1859 2620 quac
1891 2558 2076 2603 contra

249 2636 553 2704 analogiam
595 2643 649 2687 et
680 2654 779 2706 pro
820 2657 880 2691 ea
919 2639 1150 2692 dicenda
1191 2639 1313 2709 sint,
1352 2649 1636 2710 utramque
1670 2647 1879 2713 partem
1916 2661 2074 2712 quam

250 2725 550 2778 firmissime
591 2726 885 2780 defendere
923 2748 1032 2781 non
1071 2730 1245 2781 solum
1284 2730 1496 2797 licebat,
1545 2731 1640 2784 sed
1677 2749 1901 2785 necesse
1937 2739 2074 2795 erat3

250 2825 521 2887 postremo
559 2826 738 2870 autern
779 2840 932 2872 suum
960 2823 1328 2890 pronuntiauit
1349 2823 1608 2875 iudicium
1645 2823 1808 2894 idque
1847 2842 2073 2894 conpro-

248 2907 397 2960 bauit
432 2908 776 2963 ualidissimis
816 2911 1166 2980 argumentiS,
1204 2930 1308 2981 quo
1331 2912 1468 2966 facto
1490 2931 1668 2982 neque
1690 2913 1808 2984 ipse
1833 2913 2072 2967 incertus

248 3000 390 3051 inter
415 3005 703 3069 utrumque
737 3001 982 3052 fluctuari
1020 3002 1322 3069 uidebatur,
1362 3009 1416 3054 et
1450 3003 1683 3056 lectores
1725 3003 1852 3072 quid
1895 3003 1963 3056 de
1989 3004 2072 3056 his

249 3090 408 3142 rebus
451 3088 867 3141 existimandum
921 3090 988 3142 sit
1037 3090 1331 3143 discebant.
1403 3091 1626 3144 nimium
1666 3111 1797 3146 uero
1838 3093 2070 3145 Varroni

248 3179 550 3248 tribuimuS,
609 3180 653 3232 si
689 3198 812 3232 eum
849 3180 905 3232 in
956 3180 1049 3233 illo
1090 3199 1255 3253 opere
1294 3183 1542 3252 alterum,
1595 3183 1824 3236 alterum
1873 3183 1928 3234 in
1969 3183 2071 3235 hoc

250 3270 559 3323 defendisse
612 3271 669 3323 in
723 3289 930 3324 morem
968 3273 1331 3344 sophistarum
1376 3280 1640 3345 putamus,
1691 3273 1785 3325 sed
1842 3273 2069 3326 eandem

251 3362 570 3414 sententiam
595 3362 794 3431 ubique
821 3362 960 3415 tueri
988 3363 1190 3432 debuit,
1229 3363 1333 3416 nisi
1369 3364 1510 3416 forte
1548 3363 1795 3435 pluribus
1831 3371 2069 3435 praeter-

248 3450 412 3522 lapsis
449 3452 602 3505 annis
645 3461 802 3506 antea
841 3471 898 3506 se
939 3453 1204 3506 errauisse
1240 3453 1526 3521 intellexit,
1566 3454 1709 3525 quod
1738 3473 1859 3507 cum
1895 3462 2068 3526 poste-

247 3540 477 3594 rioribus
517 3541 731 3596 demum
770 3543 913 3595 uitae
949 3544 1100 3595 annis
1139 3543 1222 3596 his
1264 3543 1662 3614 quaestionibus
1693 3543 1958 3597 studuisse
1992 3543 2067 3596 ui-
