2236 4030
1078 313 1144 359 40

206 465 429 510 testatur
467 457 771 510 Macrobius
815 458 936 523 (sat.
966 459 996 511 I
1021 458 1226 526 1o,18)‚
1265 458 1408 527 quod
1459 458 1750 513 Gaesarem
1801 458 1874 509 ita
1914 475 2024 509 mu-

207 556 346 600 tasse
395 554 453 599 ut
505 546 597 598 illa
654 547 740 599 die
798 566 901 618 quo
955 551 1170 617 Semper
1220 548 1434 600 fuerant
1481 548 1838 616 relinqueret,
1893 546 2026 598 haec

204 636 535 704 transferret,
571 655 767 689 uereor
805 656 872 689 ne
911 638 1065 691 citius
1086 639 1325 709 Popmae
1368 637 1459 708 (ad
1495 639 1546 690 h.
1567 638 1627 704 l.)
1667 638 1771 690 hoc
1805 644 2023 689 conten-

208 727 354 779 denti
391 745 501 779 non
536 727 925 780 demonstranti
972 727 1039 782 O.
1077 728 1311 782 Mueller
1353 728 1661 781 crediderit.
1707 734 1761 779 et
1796 745 1855 779 re
1896 743 2027 778 uera

205 816 340 868 nihil
394 817 460 868 de
509 817 602 868 tali
655 818 950 869 mutatione
1002 817 1258 869 traditum
1305 825 1402 886 est,
1455 818 1550 870 sed
1585 817 1788 872 Caesar
1841 832 2026 868 omnes

210 914 468 978 quantum
502 907 728 959 sciamus
770 908 884 959 dies
917 908 1082 960 festos
1118 907 1363 977 integros
1401 907 1636 979 reliquit.
1697 912 1881 959 contra
1917 904 2028 956 Au-

205 1005 423 1066 gustum
443 997 746 1050 Macrobius
786 998 835 1064 (I
862 998 942 1066 10,
967 999 1016 1050 4.
1044 998 1153 1068 23),
1193 1018 1313 1051 cum
1351 1006 1471 1070 post
1515 998 1802 1053 Caesarem
1837 993 2022 1049 Satur-

207 1087 348 1139 nalia
390 1087 481 1138 alii
523 1087 713 1139 eodem
754 1088 840 1140 die
881 1107 984 1158 quo
1020 1097 1190 1156 antea,
1238 1089 1328 1140 alii
1381 1106 1444 1141 eo
1505 1089 1595 1160 qui
1629 1095 1741 1139 tum
1781 1094 1841 1139 ut
1874 1093 2029 1136 antea

206 1178 508 1244 notabatur,
547 1177 745 1230 deinde
787 1197 974 1231 omnes
1014 1180 1260 1251 pluribus
1301 1179 1490 1232 diebus
1530 1178 1882 1244 celebrarent,
1929 1193 2030 1247 per

207 1268 448 1320 triduum
504 1269 673 1321 festos
739 1269 853 1321 dics
905 1269 1200 1322 instituisse
1253 1276 1509 1337 testatur,
1576 1269 1917 1337 eundemque
1969 1273 2030 1319 ut

206 1358 531 1428 principium
586 1366 640 1410 et
698 1359 861 1411 finem
915 1367 1062 1411 certo
1121 1359 1384 1422 definiret,
1443 1358 1636 1430 Opalia
1691 1358 2029 1410 transtulisse

209 1449 474 1501 existimo.
527 1448 776 1502 similiter
812 1449 1074 1502 iudicauit
1108 1450 1172 1502 R.
1213 1448 1429 1501 Merkel
1464 1451 1633 1519 praef.
1676 1448 1839 1502 Ouid.
1877 1449 2029 1502 Fest.

207 1557 258 1608 p.
280 1538 498 1607 XVIII,
538 1557 697 1607 quem
735 1546 989 1591 secuntur
1025 1540 1068 1592 I.
1090 1538 1407 1610 Marquardt
1446 1539 1509 1592 R.
1546 1540 1617 1592 A.
1652 1539 1769 1591 IIII
1824 1558 1874 1610 p.
1910 1537 2031 1606 460,

208 1629 270 1681 L.
291 1629 506 1682 Preller
539 1648 704 1683 roem.
742 1630 913 1698 myth.
952 1649 1004 1700 p.
1029 1631 1148 1682 416.
1196 1630 1334 1682 hane
1365 1635 1548 1682 autem
1588 1628 1828 1700 Augusti
1867 1635 2030 1680 muta-

211 1719 410 1771 tionem
440 1738 559 1771 cum
585 1719 902 1788 quibusdam
930 1719 1050 1771 aliis
1083 1719 1424 1771 coniunctam
1447 1718 1803 1791 probabiliter
1819 1717 2034 1771 Merkel

212 1809 246 1860 l.
271 1809 305 1861 1.
345 1829 397 1880 p.
417 1809 534 1861 IIII
571 1809 640 1861 ad
679 1809 939 1861 fastorum
975 1808 1369 1861 ordinationem
1401 1809 1466 1861 ab
1504 1826 1567 1860 eo
1605 1809 1798 1860 factam
1826 1806 2034 1859 rettulit

214 1917 438 1967 eamque
466 1898 1070 1954 a.u.DGOXXXXV1
1109 1898 1411 1970 adscripsit.
1447 1898 1591 1967 quod
1628 1898 1897 1966 sinerum
1937 1903 2034 1963 est,

215 1990 308 2042 illa
356 2009 387 2041 a
423 1988 688 2058 Varrone,
742 1990 829 2059 qui
862 1989 1214 2043 DCCXXVI
1262 1997 1504 2041 mortuus
1557 1995 1655 2056 est,
1712 1987 1876 2040 scribi
1926 2005 2036 2039 non

218 2087 524 2149 potuerunt.
561 2079 759 2132 sciolus
806 2097 937 2149 ergo
971 2068 1195 2149 'quidam
1232 2079 1554 2146 Varronem,
1603 2097 1712 2131 non
1747 2078 1924 2130 Varro
1976 2093 2034 2128 se

217 2170 335 2242 ipse
395 2170 633 2222 correxit
686 2170 938 2241 illiusque
992 2170 1174 2223 uerbis
1231 2169 1439 2222 addidit
1485 2178 1597 2234 post
1649 2174 1774 2221 diem
1827 2173 2033 2228 tertium,

222 2261 415 2332 quibus
462 2260 652 2313 deletis
702 2261 914 2330 reliqua
965 2270 1019 2314 ut
1065 2266 1247 2326 Opalia
1281 2266 1403 2325 Opis
1459 2259 1659 2330 optime
1712 2276 1770 2312 se
1819 2257 2034 2310 habent.

219 2353 364 2404 hunc
418 2360 594 2404 autem
643 2351 861 2404 unicum
898 2353 1076 2405 locum
1130 2372 1251 2405 cum
1301 2353 1514 2406 adferre
1560 2360 1760 2424 posset,
1816 2358 1939 2403 ante
1991 2369 2034 2402 a.

219 2440 527 2495 DCOVIII
562 2442 728 2494 libros
767 2442 996 2514 scriptos
1033 2460 1150 2495 esse
1189 2450 1410 2495 constat.

383 2532 608 2584 Restant
645 2550 707 2584 ea
746 2532 937 2601 quibus
975 2532 1207 2602 uestigia
1246 2532 1425 2604 operis
1452 2531 1695 2584 nondum
1718 2529 1950 2584 absoluti
1985 2535 2038 2581 et

221 2621 586 2673 additamenta
621 2621 936 2692 posterioris
972 2621 1366 2674 retractationis
1396 2638 1691 2691 agnoscere
1715 2619 1780 2674 O.
1805 2619 2039 2673 Mueller

224 2710 325 2762 sibi
365 2710 511 2763 uisus
554 2719 650 2764 est.
692 2729 760 2763 ex
796 2711 880 2764 his
920 2730 1050 2764 uero
1101 2712 1228 2764 solis
1277 2711 1568 2780 quidquam
1626 2710 1844 2762 efficere
1893 2709 2039 2761 uelle

224 2820 382 2870 quam
421 2801 786 2871 periculosum
823 2809 875 2853 et
912 2801 1179 2854 lubricum
1229 2802 1297 2852 sit
1325 2790 1573 2872 'apparet
1615 2801 1671 2852 in
1723 2813 1886 2871 opere
1933 2806 2039 2851 tam

222 2890 418 2943 misere
468 2899 722 2960 corrupto
779 2891 992 2943 turbato
1045 2898 1287 2943 truncato
1341 2890 1682 2960 interpolatO,
1737 2906 1895 2957 quam
1944 2888 2040 2941 uix

223 2980 383 3033 aliud.
417 2981 512 3033 sed
553 2980 714 3032 etiam
755 2999 891 3052 quae
930 2982 1088 3034 huius
1125 2980 1347 3051 generis
1376 2980 1609 3033 Mueller
1630 2980 1686 3032 in
1706 2978 2039 3051 praefatione
2130 2970 2140 2980 ’

223 3079 493 3139 tamquam
533 3069 1114 3140 grauissimacollegit
1149 3070 1284 3122 nihil
1320 3070 1567 3142 probant.
1609 3069 1738 3138 quid
1777 3086 1840 3121 eo
1879 3068 2039 3122 effici-

226 3170 325 3226 tur,
368 3162 508 3233 quod
543 3161 718 3213 Varro
756 3159 808 3212 in
846 3169 1088 3213 extremo
1126 3160 1266 3213 libro
1303 3159 1528 3231 septimo
1562 3167 1685 3232 post
1703 3159 1879 3213 Naeui
1900 3157 2039 3212 Enni

226 3271 438 3323 quoque
460 3252 638 3307 Plauti
659 3252 886 3306 aliorum
923 3249 1163 3317 γλώσσας
1197 3269 1400 3322 ponere
1436 3249 1668 3303 uoluerit
1693 3253 1766 3320 (p.
1787 3249 1913 3318 XI),
1939 3249 2040 3302 hae

224 3351 406 3396 autem
442 3343 656 3396 desint?
699 3342 874 3413 potuit
905 3342 1009 3394 hoc
1034 3344 1245 3409 facere,
1296 3347 1611 3412 expectares
1669 3341 1896 3393 fortasse
1934 3339 2039 3392 fae-

227 3441 338 3485 tum
390 3451 524 3503 esse,
573 3433 669 3487 sed
719 3452 828 3486 non
886 3432 1029 3484 fecit.
1085 3431 1187 3484 nisi
1241 3432 1380 3484 forte
1428 3438 1481 3482 et
1523 3430 1627 3482 hoc
1666 3429 1786 3482 loco
1834 3429 2043 3483 librarii

227 3525 504 3577 cuiusdam
554 3524 776 3595 pigritia
824 3523 1033 3593 reliqua
1090 3543 1119 3575 a
1165 3521 1426 3594 scriptore
1469 3520 1652 3574 addita
1693 3518 1884 3573 omisit.
1939 3537 2041 3572 nec
