2358 4016
1313 354 1379 399 50

591 504 749 557 Duae
788 501 931 553 enim
971 499 1306 571 potissimum
1333 505 1514 568 partes
1543 497 1960 567 distinguendae
1985 506 2108 552 sunt
2132 516 2248 551 eae·

430 592 660 662 demque
681 608 901 662 prorsus
923 589 1171 641 diuersae
1193 596 1246 640 et
1264 588 1415 640 nullo
1437 587 1578 639 inter
1596 604 1653 639 se
1672 586 1890 640 uinculo
1913 587 2250 657 coniunctae,

430 695 652 750 quarum
691 681 858 733 altera
892 698 1078 733 rursus
1118 696 1187 730 ex
1216 677 1404 730 duabis
1435 676 1715 748 particulis
1755 673 1981 730 constat.
2017 678 2249 750 primum

431 771 575 823 enim
612 770 835 826 Seruius
873 768 1030 821 docet
1069 787 1171 837 quo
1211 775 1434 819 accentu
1469 767 1735 819 uocabula
1770 766 1937 819 latina
1973 775 2027 821 et
2050 764 2251 837 graeca

428 860 754 913 enuntianda
790 858 895 911 sint
933 859 988 927 (ἓ
1021 858 1196 926 1-6),
1236 857 1434 909 deinde
1475 856 1750 910 nonnullis
1791 857 1859 910 de
1900 866 2160 911 accentus
2197 866 2253 911 et

426 951 576 1003 uocis
615 957 805 1003 natura
841 945 1175 1019 interpositis
1213 950 1270 1015 (ἓ
1301 949 1348 1002 7.
1377 946 1451 1016 8),
1505 947 1773 1019 quomodo
1813 947 2020 1002 romani
2051 965 2251 1018 graeca

425 1039 696 1092 uocabula·
725 1038 1020 1092 extulerint
1058 1038 1113 1106 (ξ
1150 1038 1362 1105 9-—15).
1436 1038 1604 1090 altera
1643 1045 1795 1109 parte
1833 1037 2143 1092 doctissime
2172 1038 2249 1092 *de

426 1144 650 1182 numero
693 1136 1014 1180 accentuum
1054 1145 1349 1199 eorumque
1385 1126 1568 1180 indole
1610 1127 1792 1182 multis
1830 1128 2250 1182 clarissimorum

425 1217 900 1288 grammaticorum
940 1225 995 1271 et
1031 1217 1478 1289 philosophorum
1506 1217 1825 1271 testimoniis
1850 1217 2042 1270 adlatis
2067 1217 2248 1291 dispu-

427 1317 570 1362 tatur
604 1311 657 1375 (ξ
699 1309 943 1375 17—30).
987 1326 1121 1380 quae
1160 1326 1291 1361 uero
1330 1308 1512 1380 priore
1549 1307 1812 1379 particula
1847 1307 1916 1361 de
1955 1309 2252 1362 latinorum

428 1400 724 1452 uerborum
761 1406 986 1451 accentu
1032 1400 1385 1471 proferuntur
1435 1418 1545 1451 non
1582 1399 1742 1452 modo
1782 1398 2030 1451 similiter
2069 1417 2102 1452 a
2137 1399 2250 1452 Do-

424 1497 550 1542 nato
571 1490 602 1543 I
621 1490 669 1557 ἴ),
696 1490 721 1540 1
746 1507 798 1560 p.
821 1488 948 1540 1741
973 1489 1034 1542 Ρ.
1071 1488 1342 1542 Diomede
1368 1508 1419 1560 p.
1442 1489 1544 1542 426
1571 1488 1631 1540 P.
1670 1488 1948 1542 Prisciano
1976 1488 2044 1541 de
2064 1504 2251 1542 accen-

424 1580 519 1632 tib.
556 1599 609 1651 p.
635 1579 769 1632 1288
790 1580 852 1633 Ρ.
890 1578 1049 1632 Mart.
1074 1577 1206 1649 Cap.
1234 1580 1328 1633 III
1358 1578 1459 1631 272
1488 1597 1541 1649 p.
1563 1580 1633 1632 62-
1660 1578 1758 1634 Gr.
1796 1587 2160 1650 exponuntur,
2181 1586 2253 1631 -ut

424 1669 785 1742 posteriorum
821 1669 1295 1740 grammaticorum
1328 1669 1628 1722 doctrinam
1653 1669 1741 1722 hic
1765 1663 1952 1723 haberi
1976 1670 2250 1741 adpareat,

424 1779 616 1813 uerum
650 1760 817 1819 >etiarn
854 1779 974 1812 cum
1010 1759 1233 1814 Maximi
1254 1759 1524 1813 Victorini
1562 1760 1798 1831 capite¹)
1841 1760 1910 1813 de
1945 1760 2251 1814 accentibus

423 1869 475 1922 p.
519 1851 649 1904 1942
669 1851 729 1905 P.
769 1851 843 1904 ita
878 1851 1043 1904 rebus
1074 1851 1257 1904 uerbis
1295 1850 1561 1922 exemplis
1603 1850 1965 1919 consentiunt,
2019 1859 2078 1903 ut
2120 1850 2250 1903 alte-

423 1961 542 1996 rum
579 1942 801 1995 alterius
838 1942 1038 1995 librum
1079 1941 1347 2012 expilasse
1390 1941 1734 1994 manifestum
1784 1941 1868 2010 sit,
1925 1944 2082 2013 quem
2120 1940 2250 1996 Ser-

424 2033 573 2086 uium
609 2032 775 2086 fuisse
810 2051 921 2086 non
959 2032 1182 2084 dubium
1223 2038 1319 2085 est.
1356 2051 1479 2083 nam
1516 2031 1749 2103 primum
1787 2031 1938 2084 nullo
1973 2030 2133 2084 modo
2159 2048 2250 2084 ex-

425 2123 614 2195 plicari
650 2131 848 2195 potest,
886 2143 988 2195 qua
1025 2123 1091 2175 de
1131 2141 1288 2176 causa
1326 2122 1549 2178 Seruius
1605 2122 1748 2175 haud
1783 2141 1956 2193 pauca
1991 2121 2059 2174 de
2097 2139 2251 2192 grac-

426 2233 613 2267 corum
650 2217 943 2268 uerborum
979 2213 1290 2266 accentibus
1331 2213 1612 2266 additurus
1659 2213 1715 2265 in
1752 2213 1861 2266 fine
1896 2213 2058 2267 huius
2091 2211 2252 2285 parti·

429 2306 583 2358 culae
622 2307 791 2359 uei-ba
825 2314 894 2359 est
929 2314 1088 2360 autem
1120 2311 1283 2369 forma
1319 2313 1451 2359 acuti
1490 2314 1712 2359 accentus
1732 2347 1743 2357 .
1766 2346 1777 2356 .
1801 2346 1812 2357 .
1849 2305 2091 2377 posuerit
2115 2321 2252 2375 quac

423 2395 620 2448 leniter
657 2403 857 2447 mutata
895 2395 1038 2466 apud
1077 2395 1422 2448 Victorinum
1466 2413 1525 2448 re
1586 2395 1833 2448 confecta
1884 2413 1981 2448 suo
2023 2395 2144 2448 loco
2180 2395 2252 2448 le-

426 2494 643 2557 guntur.
686 2486 882 2539 deinde
919 2487 1056 2539 haec
1096 2486 1246 2558 prior
1285 2486 1575 2557 disputatio
1624 2488 1681 2553 (ἓ
1718 2486 1876 2556 1—6)
1926 2505 2048 2540 cum
2083 2485 2254 2538 altera

429 2579 483 2646 (ξ
509 2577 726 2647 9—15),
763 2585 822 2629 ut
860 2577 1230 2650 paragraphos
1267 2577 1612 2649 interpositas
1656 2579 1726 2646 (7.
1752 2577 1808 2647 8)
1847 2596 1990 2630 nunc
2026 2576 2253 2644 mittam,

425 2691 534 2725 non
569 2673 728 2725 modo
766 2672 918 2725 nullo
955 2672 1170 2724 uinculo
1211 2689 1417 2724 conexa
1455 2678 1556 2738 est,
1608 2688 1799 2722 uerum
1847 2669 2007 2722 etiam
2058 2669 2123 2721 ab
2162 2685 2252 2720 eo·

428 2762 551 2815 dem
586 2763 849 2833 scriptore
891 2764 1135 2834 profecta
1182 2780 1299 2815 esse
1349 2780 1457 2814 non
1507 2767 1702 2832 potest,
1756 2759 1878 2830 quia
1928 2777 2049 2811 cum
2089 2777 2254 2830 supra

431 2855 484 2922 (ἓ
507 2853 562 2921 5)
602 2853 669 2906 de
708 2871 1029 2922 graecorum
1059 2853 1449 2906 uocabulorum
1474 2851 1684 2922 graecis
1707 2849 1901 2902 litteris
1927 2849 2252 2921 scriptorum

429 2950 658 2997 accentu
696 2950 871 2995 actum
921 2943 1006 3011 sit,
1060 2942 1126 2994 de
1181 2943 1384 2995 eisdem
1433 2940 1641 3012 graecis
1680 2940 1961 2993 uocabulis
2004 2938 2155 3009 quasi
2193 2956 2252 2993 re

428 3052 652 3105 prorsus
692 3033 909 3103 integra
933 3033 1111 3086 denuo
1136 3033 1424 3104 quaeritur.
1458 3031 1686 3101 accedit,
1717 3032 1861 3101 quod
1880 3031 2062 3084 statim
2082 3030 2255 3102 prima

429 3127 651 3180 alterius
685 3126 979 3198 particulae
1017 3127 1068 3193 (ξ
1095 3126 1147 3192 9)
1187 3127 1364 3179 uerba·
1389 3132 1518 3193 quod
1556 3131 1623 3180 ad
1672 3131 1850 3180 latinos
1885 3133 2108 3180 accentus
2143 3131 2255 3178 atti-

426 3227 506 3273 net
539 3226 643 3272 siue
673 3225 878 3272 statiuos
908 3225 1011 3271 siue
1047 3223 1402 3272 commutabiles
1437 3224 1558 3270 satis
1591 3223 1773 3270 dictum
1795 3215 2085 3269 ostendunt
2109 3214 2250 3268 hanc

429 3327 499 3362 ex
535 3308 641 3362 alio
684 3309 835 3361 fonte
874 3325 935 3358 ac
967 3305 1206 3377 priorem
1244 3306 1555 3377 particulam
1594 3305 1832 3370 fluxisse,
1889 3323 2014 3358 nam
2062 3321 2250 3356 accen-

597 3506 644 3562 1)
683 3505 816 3561 Quod
857 3507 998 3561 caput
1036 3518 1130 3547 non
1170 3515 1251 3546 suo
1291 3503 1395 3547 loco
1434 3502 1528 3558 legi
1558 3505 1684 3546 recte
1715 3500 1941 3546 iudicauit
1963 3499 2025 3553 ‚L.
2057 3500 2255 3559 Spengel

429 3587 535 3643 allg.
575 3586 892 3642 schulzeitung
925 3584 1037 3628 1832
1071 3584 1112 3627 II
1143 3599 1187 3640 p.
1213 3583 1315 3627 285.
