2418 4048
1115 307 1179 355 45

227 482 326 516 non
355 469 472 526 post
500 464 768 513 Varronem
801 466 867 511 sit
899 464 1059 520 uenia,
1099 464 1200 522 qui·
1221 476 1396 523 aymam
1431 462 1548 521 quia
1581 461 1636 508 in
1672 475 1725 508 eo
1761 466 1939 522 ayatur
1974 459 2065 507 ali-

230 558 361 618 quid,
399 562 441 606 et
473 557 702 619 yraeulos
739 557 856 616 quia
890 556 1129 616 qreyatim
1166 553 1343 609 uolent,
1379 553 1534 600 dictos
1570 552 1729 599 uoluit
1763 551 2066 612 persuadere

233 649 456 697 Ciceroni
487 646 576 706 (ad
616 662 720 695 eum
759 649 884 694 em'm
919 643 1127 704 scribit),
1165 659 1270 692 eum
1304 643 1512 691 alterum
1550 657 1608 690 ex
1635 642 1822 691 Graeco
1863 644 1929 690 sit
1963 655 2065 688 ma-

230 738 456 797 nifestum
491 739 619 795 duci,
660 738 867 785 alterum
906 751 964 784 ece
998 736 1196 783 uocibus
1223 734 1430 782 auium?
1468 726 1519 799 (I
1539 727 1589 796 6,
1610 728 1692 780 37.
1733 726 1855 778 del.
1878 725 2067 777 l.V34

234 842 286 894 p.
305 823 388 875 35.
429 822 494 875 76
514 821 699 892 p.·81.)
778 819 945 873 Erant
981 828 1161 872 autem
1198 819 1254 872 in
1269 818 1534 871 Varronis
1563 817 1828 887 manibuS,
1867 824 1928 868 ut
1953 817 2065 888 epi-

234 921 377 966 tome
416 912 593 979 docet,
632 918 786 963 erant
822 911 881 963 in
919 911 1201 963 doctorum
1240 910 1501 978 manibuS‚
1540 917 1600 962 ut
1636 909 1844 981 primus
1882 907 2067 960 Vitru-

234 1004 353 1057 uius
388 1010 630 1071 testatur,
681 1001 770 1072 qui
821 1002 965 1053 circa
1006 1000 1388 1055 DOOXXVII
1436 1000 1653 1071 scripsit
1708 999 1796 1067 (cf.
1838 999 2069 1053 Fischer

233 1095 322 1149 l.l.
345 1094 529 1166 p.382.
567 1093 880 1146 Lachmann
900 1100 1008 1145 ant.
1034 1112 1168 1145 mus.
1195 1092 1369 1146 Rhen.
1386 1092 1468 1144 VI
1494 1112 1545 1164 p.
1570 1091 1692 1158 107)
1732 1093 1905 1164 praef.
1943 1090 2068 1143 libri

236 1185 404 1238 VIIII
441 1204 492 1256 p.
514 1185 612 1236 241
638 1183 833 1239 Schn.:
881 1192 994 1237 item
1035 1190 1213 1249 plures
1247 1193 1360 1248 post
1392 1192 1612 1259 nostram
1645 1191 1924 1237 memoriam
1959 1203 2071 1236 nas-

234 1287 389 1332 centes
423 1298 529 1331 cum
568 1283 802 1331 Lucretio
839 1284 1138 1331 uidebuntur
1185 1283 1322 1330 uelut
1366 1296 1531 1330 eoram
1586 1282 1644 1329 de
1689 1296 1854 1328 rerum
1889 1284 2071 1329 natura

235 1375 505 1434 disputare,
557 1374 616 1422 de
652 1378 757 1422 arte
796 1389 913 1422 uero
953 1375 1197 1422 rhetorica
1239 1389 1346 1422 eum
1384 1373 1627 1430 Cicerone,
1676 1373 1818 1421 multi
1853 1376 2071 1432 postero-

233 1479 343 1512 rum
377 1457 484 1512 eum
529 1462 749 1513 Varrone
783 1465 1031 1524 conferent
1065 1479 1330 1512 sermonem
1367 1465 1425 1512 de
1464 1465 1634 1526 linqua
1671 1463 1842 1521 latina,
1879 1456 2070 1529 quibus

235 1549 417 1603 uerbis
470 1548 575 1603 nisi
626 1549 793 1602 libros
835 1558 1049 1604 nostros
1075 1551 1114 1617 ¹)
1173 1549 1518 1620 significauit,
1575 1549 1780 1601 nullam
1818 1549 2069 1619 profecto

237 1660 452 1694 causam
506 1641 711 1709 habuit,
767 1661 861 1694 cur
911 1661 1020 1695 non
1072 1641 1253 1714 potius
1299 1624 1647 1710 'antiquitates
1697 1639 1942 1692 laudaret
1983 1638 2071 1692 ucl

237 1731 539 1785 Varronem
564 1732 788 1804 Nigidio
809 1733 1114 1802 Verrioque
1154 1733 1478 1805 praeferret,
1521 1750 1749 1798 quorum
1790 1731 1915 1784 libri
1940 1731 2069 1784 Var-

236 1815 571 1876 ronianos'si
606 1831 820 1877 nostros
862 1823 1100 1894 excipias
1142 1841 1370 1876 numero
1410 1823 1740 1894 superabant
1781 1830 1834 1874 et
1870 1822 2076 1893 pariter

237 1914 498 1969 aestimati
535 1924 702 1969 erant.
740 1915 999 1969 Verrium
1019 1915 1281 1969 Flaccum
1318 1914 1471 1967 libris
1510 1913 1592 1966 his
1627 1933 1782 1966 usum
1814 1933 1926 1966 non
1955 1931 2073 1967 esse

239 2000 307 2058 O.
328 2005 596 2060 Mueller-o
637 2006 876 2060 concedo
918 1993 1033 2076 (qui
1074 2007 1293 2077 quidem
1329 2006 1616 2077 paullatim
1648 2013 1857 2058 tantum
1883 2007 1939 2058 in
1964 2023 2071 2058 me-

237 2095 461 2148 moriam
498 2097 784 2150 reduxisse
820 2097 1038 2151 uidetur
1072 2098 1177 2151 hoc
1218 2097 1391 2150 solum
1430 2116 1551 2149 cum
1580 2096 1803 2149 inuento
1827 2096 1921 2148 illo
1950 2115 2074 2150 con-

236 2185 452 2256 uenire3
514 2188 623 2241 uid.
681 2189 801 2241 adn.
839 2188 992 2242 Festi
1034 2208 1120 2260 qu.
1159 2188 1246 2242 XI
1280 2189 1329 2256 2,
1361 2187 1408 2240 8.
1466 2188 1618 2241 XIII
1646 2186 1732 2255 28,
1762 2188 1845 2240 32.
1901 2189 2073 2258 praef.

237 2298 289 2350 p.
315 2279 482 2333 XXX
510 2283 609 2345 n.):
652 2299 972 2352 quamquam
987 2279 1030 2349 2)
1076 2279 1220 2332 cnim
1247 2279 1518 2350 permulta
1558 2278 1650 2348 (cf.
1673 2278 1966 2351 praecipue
2008 2279 2073 2331 dc

241 2369 275 2422 l.
315 2369 349 2421 l.
384 2368 497 2423 VII
524 2369 591 2423 32
628 2389 680 2441 p.
701 2371 806 2424 354
832 2390 909 2441 sq.
962 2371 1110 2439 Fest.
1151 2370 1550 2442 septentriones
1588 2388 1639 2440 p.
1664 2366 1812 2440 3391’)
1852 2389 2076 2442 prorsus

241 2450 602 2531 consentiunt,
656 2461 792 2513 certi
831 2460 960 2532 quid
1015 2461 1110 2514 uix
1159 2460 1319 2514 statui
1358 2469 1554 2532 potest,
1594 2479 1718 2513 cum
1760 2480 1869 2514 non
1913 2460 2074 2514 modo

241 2556 527 2620 utrumque
572 2571 706 2623 opus
742 2551 902 2604 ualde
944 2559 1247 2623 truncatum
1292 2552 1375 2619 sit,
1415 2570 1609 2604 uerum
1650 2551 1812 2604 ctiam
1847 2533 2106 2623 uterque

241 2639 446 2694 eisdem
485 2642 808 2711 auctoribUS,
846 2650 1128 2714 praeterea
1163 2641 1389 2695 Verrius
1428 2642 1611 2695 multis
1651 2642 1768 2694 aliis
1808 2642 2074 2695 Varronis

244 2731 393 2796 libris
433 2752 561 2786 usus
600 2733 684 2803 sit,
724 2734 812 2803 qui
853 2733 966 2786 fere
1010 2733 1200 2787 eadem
1237 2734 1622 2806 praebuerunt.
1665 2734 1760 2786 sed
1789 2734 1924 2786 nihil
1949 2733 2077 2787 inde

407 2909 451 2965 1)
487 2908 620 2964 Quod
654 2911 847 2967 negauit
878 2909 928 2955 Ο.
961 2910 1157 2953 Mueller
1186 2908 1330 2965 praef.
1363 2907 1493 2952 Festi
1525 2924 1566 2964 p.
1586 2907 1715 2951 XXX
1738 2908 1894 2951 n.uid.
1914 2911 2079 2952 contra

242 3000 343 3031 eum
387 2987 677 3045 disputantes
708 2987 1050 3033 Lachmannum
1081 2989 1110 3031 1.
1138 2989 1167 3031 l.
1208 2988 1408 3045 Spengel
1438 2974 1517 3032 1.1.ι
1546 3003 1591 3044 p.
1614 2987 1686 3031 21.
1736 2987 1783 3031 C.
1814 2987 2079 3031 Lachmann

243 3066 427 3111 Vitruui
463 3072 705 3112 conmotus
747 3069 1030 3123 testimonio„
1064 3067 1351 3112 existimauit
1384 3067 1543 3111 statim
1575 3070 1682 3124 post
1703 3067 1926 3110 Varronis
1959 3081 2079 3110 mor-

242 3150 336 3191 tem
368 3163 499 3210 opuS,
531 3150 655 3206 quod
689 3151 891 3206 scriptor
920 3165 1012 3193 non
1045 3164 1236 3206 prorsus
1267 3149 1551 3206 perpolitum
1586 3148 1867 3203 reliquisset,
1901 3147 2078 3190 editum

211 3243 216 3247 ’
243 3242 342 3272 esse.
375 3233 423 3272 et
452 3229 539 3273 hoc
570 3230 705 3273 nixus
735 3230 1034 3274 fundamento
1076 3229 1303 3286 singulari
1343 3229 1481 3273 modo
1524 3231 1703 3272 textum
1748 3227 1984 3281 tractauit,
2021 3226 2078 3272 de

245 3318 334 3363 quo
369 3309 543 3365 optime
575 3309 750 3353 iudicat
783 3310 982 3366 Spengel
1014 3311 1042 3352 l.
1063 3310 1092 3353 1.
1127 3324 1170 3365 p.
1188 3309 1244 3351 21
1265 3324 1331 3365 sq.

409 3389 452 3445 2)
484 3389 634 3433 Aliter
664 3391 839 3447 placuit
855 3390 903 3433 L.
925 3389 1181 3433 Mercklino
1211 3389 1259 3432 in
1290 3389 1441 3433 indice
1476 3389 1582 3432 lect.
1610 3388 1752 3443 Dorp.
1774 3385 1888 3430 1858
1908 3385 2079 3429 cuimi-

246 3481 348 3510 rum
392 3469 632 3526 inscripsit
689 3471 874 3514 titulum
927 3470 999 3512 ‘de
1051 3469 1285 3514 tralaticio
1333 3469 1556 3513 Varronis
1610 3466 1842 3510 scribendi
1894 3466 2078 3522 genere‘

247 3563 292 3604 p·
325 3549 353 3591 9
388 3564 450 3606 sq.
