2314 4056
1219 335 1318 382 208

291 478 350 528 87
488 476 653 530 Domi
690 495 833 531 suae.

283 634 346 683 88
487 627 696 696 Mutuo,
742 635 801 680 ut
834 628 1007 681 Varro
1047 629 1114 682 de
1150 647 1400 682 sermone
1441 630 1609 684 latino
1646 628 1785 684 libro
1826 630 1880 683 V
1912 631 2166 703 loquitur,

350 717 406 770 in
457 717 846 770 consuetudine
902 727 1007 786 est,
1065 726 1260 787 mutuei
1308 737 1439 773 uero
1491 728 1552 773 ut
1613 721 1770 774 docte
1825 719 2167 775 scribendum

351 814 519 878 putat.

286 969 369 1020 89-
488 955 686 1010 Coram
721 955 789 1008 de
828 957 1205 1026 praesentibus
1241 959 1414 1026 nobis,
1461 960 1640 1032 palam
1676 960 1836 1014 etiam
1876 961 1944 1017 de
1979 963 2168 1016 absen-
2197 974 2226 1018 5

345 1046 505 1098 tibus,

286 1207 343 1257 90
482 1196 711 1264 Quando
747 1197 1066 1268 particulam
1105 1218 1203 1271 pro
1233 1218 1581 1272 cum-ponere
1601 1201 1924 1255 Formianos
1951 1209 2004 1255 et
2020 1203 2166 1257 Fun-

345 1288 511 1340 danos
549 1288 623 1339 ait
661 1287 857 1341 Varro,

870 1548 991 1616 DE
1049 1548 1630 1618 GRAMMATIOA

286 1724 337 1773 91
482 1720 560 1772 Vt
589 1721 823 1773 Varroni
865 1722 1058 1793 placet,
1096 1742 1178 1774 ars
1214 1723 1580 1794 grammatica,
1635 1742 1771 1795 quae
1819 1743 1850 1778 a
1891 1726 2046 1778 nobis
2080 1726 2162 1778 lit·
2196 1739 2252 1783 10

343 1816 582 1862 teratura
621 1809 834 1879 dicitur,
874 1810 1101 1864 scientia
1141 1819 1222 1865 est
1259 1831 1462 1883 eorum,
1484 1831 1620 1884 quae
1645 1834 1675 1868 a
1698 1814 1873 1885 poetis
1895 1814 2166 1870 historicis

507 1984 577 2029 87.
644 1983 774 2028 Char.
804 1999 850 2042 p.
870 1985 968 2041 126,
999 1986 1081 2034 22⁴:
1128 1986 1299 2031 Domi
1340 2001 1478 2031 suae
1507 1987 1655 2032 Varro
1689 1986 1746 2032 de
1779 2002 1988 2032 sermone
2018 1987 2163 2033 latino

341 2043 462 2086 libro
493 2043 546 2087 V.
603 2058 689 2087 nec
719 2044 842 2087 enim
875 2048 1031 2101 potest
1062 2046 1330 2090 aduerbium
1364 2045 1457 2090 dici
1488 2049 1560 2090 cui
1593 2061 1701 2091 suae
1735 2061 1989 2104 pronomen
2017 2047 2163 2091 adest.

280 2106 284 2109 '
340 2102 544 2205 ggttiouge
573 2103 721 2147 multa
762 2107 926 2148 contra
956 2104 1008 2148 L.
1045 2104 1236 2148 Furium
1270 2105 1411 2149 ‘domi
1440 2119 1569 2149 meae
1601 2120 1738 2163 saepe
1761 2106 1862 2149 fuit’
1902 2110 1950 2152 et
1988 2110 2060 2150 est
2088 2119 2167 2163 ge·

507 2240 579 2285 88.
647 2239 780 2286 Char.
801 2241 963 2298 p.205,
982 2243 1059 2286 15:
1107 2243 1306 2287 Mutuo
1338 2247 1403 2287 ut
1435 2275 1445 2284 .
1480 2277 1489 2287 .
1525 2274 1534 2284 .
1569 2243 1949 2290 scribendum
1977 2244 2161 2300 putat.

341 2314 428 2345 nec
457 2314 551 2344 non
582 2303 630 2343 et
660 2300 729 2343 illi
757 2301 836 2357 qui
870 2301 927 2344 de
960 2301 1231 2346 differentiis
1264 2303 1486 2347 scribunt.

507 2379 580 2424 89.
637 2378 765 2424 Seru.
789 2379 857 2423 ad
887 2379 1024 2437 Verg.
1044 2380 1157 2424 Aen.
1190 2381 1339 2425 1595:
1374 2382 1540 2426 Coram
1569 2381 1779 2426 nonnulli
1812 2381 1871 2425 ad
1897 2395 2158 2438 personam,

341 2443 394 2483 ut
426 2441 598 2484 ‘coram
619 2439 750 2494 uiro',
773 2439 925 2495 palam
957 2440 1016 2482 ad
1044 2454 1200 2483 omnes
1231 2440 1396 2484 referri
1426 2442 1602 2496 uolunt,
1637 2445 1690 2484 ut
1724 2441 1889 2498 ‘palam
1923 2440 2162 2484 omnibus’.

339 2499 509 2543 Varro:
546 2511 737 2542 coram
772 2531 780 2541 .
817 2531 826 2541 .
862 2531 871 2540 .
907 2499 1279 2543 absentibus.
1349 2514 1458 2543 sane
1489 2514 1644 2544 coram
1673 2500 1858 2555 quidam
1889 2499 2160 2543 aduerbium

338 2561 520 2614 putant,
555 2557 661 2612 quia
682 2571 776 2600 non
806 2557 1102 2613 subsequitur
1121 2573 1268 2605 casus,
1302 2559 1487 2614 quidam
1509 2559 1899 2615 praepositionem
1913 2558 2158 2614 loquentis,

337 2631 431 2660 non
462 2616 643 2660 casibus
675 2616 964 2659 seruientem.
1016 2616 1140 2660 Suet.
1172 2632 1216 2674 p.
1235 2617 1321 2660 286
1338 2617 1497 2661 ΕΒΗ-ἷζε
1527 2618 1683 2674 palam
1712 2617 1915 2662 omnium
1945 2630 2159 2674 praesen-

336 2676 451 2718 tiam
483 2677 630 2731 notat,
674 2689 830 2718 coram
870 2689 1114 2729 personam
1163 2677 1373 2732 accipere
1403 2676 1648 2720 desiderat.
1711 2676 1871 2720 Isidor.
1903 2675 1998 2719 diff.
2027 2675 2157 2720 uerb.

338 2734 416 2777 91:
449 2734 572 2778 inter
602 2748 759 2777 coram
791 2737 839 2777 et
854 2735 1027 2790 palam:
1061 2749 1216 2778 coram
1241 2735 1299 2778 ad
1325 2750 1568 2791 personam
1585 2736 1799 2790 refertur,
1816 2735 2010 2779 dicimus
2034 2733 2156 2776 enim

338 2806 493 2835 coram
536 2792 630 2846 illo,
667 2792 819 2848 palam
862 2796 1016 2836 autem
1059 2808 1286 2850 personae
1332 2798 1472 2849 caret,
1521 2794 1629 2849 quia
1667 2794 1895 2849 idipsum
1927 2790 2156 2848 significat

337 2851 460 2906 quod
496 2864 651 2894 omnes
684 2850 844 2902 sciunt.
910 2866 1020 2907 ergo
1051 2867 1207 2896 coram
1240 2852 1298 2894 ad
1329 2866 1571 2908 personam
1604 2856 1778 2896 certam
1819 2851 2032 2905 refertur,
2077 2863 2155 2906 pa·-

334 2910 428 2952 lam
457 2909 516 2954 ad
546 2923 717 2952 omneS.
755 2914 810 2966 cf.
846 2913 1008 2954 Donat.
1042 2913 1100 2954 ad
1134 2914 1226 2954 Ter.
1256 2913 1339 2954 Ad.
1374 2914 1472 2954 ΙΙΙΙ
1500 2916 1544 2967 3,
1572 2915 1641 2955 17.

501 2988 572 3033 90.
637 2986 961 3045 char.'p.111,
996 2988 1076 3032 23:
1122 2988 1363 3043 Quando
1399 3023 1407 3031 .
1443 3023 1452 3032 .
1487 3024 1496 3033 .
1530 2989 1742 3044 Varro,
1794 2987 1876 3032 sed.
1905 2990 1954 3031 et
1983 2987 2062 3032 alii
2089 2988 2155 3032 fa-

337 3047 466 3091 ciunt
488 3060 580 3092 nec
615 3047 714 3091 sine
744 3048 967 3104 exemplo,
999 3062 1103 3091 nam
1137 3049 1327 3091 Plautus
1360 3047 1410 3090 in
1443 3048 1752 3092 Menaechmis
1789 3047 1880 3103 (III
1905 3051 1951 3099 3,
1982 3049 2059 3102 23)
2088 3048 2156 3091 ita.

337 3106 404 3150 ait
435 3108 541 3150 ‘non
571 3106 733 3150 habeo.
764 3109 812 3149 at
846 3110 899 3150 tu
927 3107 1107 3162 quando
1137 3106 1341 3162 habebis,
1370 3110 1470 3150 tum
1502 3107 1640 3151 dato'.
1680 3106 1846 3150 uitium
1866 3109 2024 3150 tamen
2053 3118 2155 3150 esse

333 3179 427 3209 non
458 3166 647 3208 dubium
680 3169 764 3209 est.
829 3171 882 3221 cf.
915 3165 1039 3209 Fest.
1071 3165 1218 3222 9258
1236 3180 1275 3210 a.
1309 3167 1505 3221 quando.

500 3242 568 3285 91.
629 3243 745 3286 Mar.
779 3243 896 3287 Vict.
927 3242 951 3285 I
981 3241 1022 3298 1,
1052 3242 1079 3285 6
1110 3257 1154 3299 p.
1172 3242 1378 3286 2541P.:
1410 3243 1483 3288 Vt
1512 3241 1804 3288 Varroni.
1841 3272 1850 3283 .
1883 3275 1892 3284 .
1918 3240 2152 3285 intelle-

475 3394 503 3439 3
537 3389 904 3446 consuetudine]
943 3384 1227 3450 cognomine
1250 3390 1349 3447 ΝΗ
1372 3393 1539 3460 mutue
1566 3390 1628 3438 N
1642 3383 1667 3452 ss
1690 3388 1832 3440 docte
1868 3389 1937 3435 sic
1971 3390 2152 3452 putant

333 3460 391 3509 N
407 3460 431 3516 Η
469 3462 498 3508 5
534 3459 845 3523 presentibus
889 3459 993 3508 cod.
1033 3459 1355 3517 CassellanuS,
1401 3462 1454 3508 in
1506 3461 1674 3509 ceteris
1718 3459 1955 3507 Varronis
1998 3458 2152 3509 uerba

333 3530 506 3579 desunt
526 3534 550 3588 Η
577 3532 605 3578 7
642 3530 909 3578 formianus
950 3531 1000 3576 et
1033 3529 1294 3578 fundanius
1333 3530 1404 3576 ait
1442 3531 1500 3576 ut
1533 3544 1680 3577 uarro
1713 3528 1768 3579 N
1789 3530 1813 3586 ΙΙ
