2366 4048
960 349 1019 396 91

75 495 346 567 reperitur
386 515 488 550 nec
537 496 844 567 uestigium.
912 496 1111 550 deinde
1163 497 1399 570 reliquas
1449 496 1672 570 quidem
1730 495 1910 549 ortho-

76 586 339 659 graphiae
372 587 695 641 mutationes
731 586 1040 640 Lucilianae
1077 595 1303 659 propter
1336 586 1750 641 inconstantiam
1770 586 1909 638 Var-

75 695 266 732 ronem
302 678 577 750 respuisse
614 679 801 747 refert,
859 679 954 731 scd
1005 678 1072 730 de
1129 678 1429 731 rationibus
1474 678 1668 747 quibus
1717 677 1911 729 ductus

75 789 246 835 unum
276 770 414 823 illud
450 771 778 840 probauerit,
817 789 1040 842 prorsus
1075 770 1215 823 silet.
1255 771 1371 843 ipse
1398 789 1582 823 rursus
1606 769 1913 822 Varronem

76 859 358 933 inpugnat,
396 880 459 914 eo
492 869 812 932 argumento
851 862 1030 930 nixuS,
1071 862 1215 931 quod
1235 862 1290 914 in
1310 863 1492 915 uerbis
1516 860 1912 932 temporalibus

82 970 298 1025 quoque
335 953 580 1006 diuersus
609 954 638 1007 I
674 953 886 1006 litterae
924 973 1088 1006 sonus
1126 953 1183 1006 in
1221 954 1483 1024 singulari
1508 962 1561 1006 et
1582 952 1780 1026 plurali
1802 971 1912 1005 non

79 1050 375 1097 notaretur.
432 1044 567 1096 haec
606 1043 748 1096 enim
783 1043 1052 1096 sententia
1089 1044 1193 1096 loci
1234 1062 1352 1097 esse
1385 1043 1624 1113 uidetur,
1679 1061 1840 1113 quem
1867 1062 1913 1094 -a

78 1133 336 1187 Pubschio
375 1134 515 1186 male
551 1134 755 1186 editum
791 1133 927 1186 duce
967 1134 1156 1186 codice
1181 1133 1446 1187 Beruensi
1477 1134 1554 1187 sic
1579 1136 1696 1187 fere
1723 1135 1911 1203 legen·

79 1222 208 1275 dum
257 1240 376 1276 esse
426 1231 582 1293 puto:
638 1224 818 1293 ‘quam
872 1224 1290 1276 inconstantiam
1334 1224 1512 1276 Varro
1566 1242 1801 1294 arguens
1854 1224 1912 1277 in

77 1313 312 1368 eundem
346 1331 590 1367 errorem
635 1314 853 1367 diuersa
887 1315 975 1367 uia
1026 1314 1314 1383 delabitur,
1369 1315 1554 1368 dicens
1611 1315 1670 1367 in
1706 1315 1908 1387 plurali

77 1403 298 1477 quidem
327 1423 555 1458 numero
582 1405 782 1459 debere
813 1406 843 1459 I
877 1405 1088 1458 litterae
1128 1414 1407 1459 extremae
1443 1406 1489 1459 E
1530 1405 1807 1479 praeponi,
1851 1405 1910 1458 in

79 1497 343 1570 singulari
379 1517 512 1552 uero
551 1517 678 1552 non.
728 1498 968 1566 minime,
1015 1518 1135 1551 cum
1179 1507 1232 1552 et
1279 1499 1480 1568 alioqui
1518 1498 1674 1551 aliter
1708 1498 1766 1550 in
1803 1496 1910 1549 sin-

78 1589 257 1662 gulari
293 1609 452 1662 quam
490 1589 548 1642 in
581 1590 780 1662 plurali
819 1590 1029 1661 syllaba
1069 1598 1236 1643 sonat.
1306 1598 1368 1643 ut
1421 1590 1479 1644 in
1523 1589 1706 1643 uerbis
1746 1587 1913 1641 mani-

76 1681 276 1736 festum
315 1688 416 1747 est,
472 1681 698 1735 dicimus
740 1682 883 1734 enim
917 1683 1072 1735 mitto
1114 1682 1406 1736 emisimus,
1482 1681 1587 1735 nisi
1626 1681 1786 1734 aliam
1823 1679 1913 1734 hic

74 1773 196 1849 uult
234 1791 354 1828 esse
388 1773 672 1841 rationem,
727 1773 871 1842 quod
915 1773 1211 1827 absurdum
1261 1782 1359 1842 est,
1412 1777 1511 1841 [ut]
1571 1793 1690 1826 cum
1743 1773 1913 1826 uerba

79 1883 294 1938 quoque
351 1882 421 1918 ex
462 1865 685 1935 syllabis
740 1872 991 1918 constent
1039 1874 1092 1918 et
1133 1865 1349 1920 diuersa
1395 1867 1588 1937 regula
1634 1865 1910 1936 corrigan-

75 1955 196 2010 tur.‘
221 1955 263 2025 ¹)
301 1955 495 2009 codem
528 1956 649 2009 loco
686 1955 850 2009 etiam
883 1957 1150 2010 uocabula
1189 1957 1451 2029 quaedam
1473 1973 1912 2010 conmemorasse

89 2049 152 2056 ——
358 2048 422 2054 ,-

243 2078 286 2134 1)
321 2078 478 2122 Verba
507 2092 602 2121 non
634 2077 936 2122 mediocriter
969 2081 1192 2135 corrupta
1223 2078 1290 2122 sic
1330 2082 1451 2122 teste
1482 2077 1684 2122 Hem-ico
1718 2076 1823 2121 Keil
1851 2077 1914 2120 le·

77 2161 250 2217 guntur
277 2158 327 2202 in
357 2159 612 2203 cod.Bern.
639 2158 747 2205 330:
781 2175 911 2216 quam
946 2163 1296 2203 inconstantiam
1316 2163 1461 2203 Varro
1495 2176 1688 2218 arguens
1722 2163 1770 2202 in
1803 2175 1914 2202 eun-

76 2241 173 2283 dem
203 2241 612 2304 errorem-diuersa
642 2243 723 2284 uia
756 2241 989 2293 dilabitur,
1032 2241 1182 2283 dicens
1222 2243 1270 2283 in
1308 2241 1485 2298 plurali
1527 2241 1699 2296 quidem
1733 2254 1914 2328 ungero

391 2307 438 2328 .‚.

77 2341 232 2384 debere
277 2342 432 2401 litterq
470 2345 692 2400 praeponi
734 2344 782 2384 in
825 2343 1051 2399 singulari
1098 2358 1206 2385 uero
1250 2345 1431 2384 minime
1476 2357 1572 2385 cum
1617 2343 1791 2398 alioqui
1828 2358 1914 2384 non

79 2421 262 2464 aliunde
293 2414 342 2464 in
374 2423 603 2480 sinyulari
634 2438 763 2478 quam
795 2425 844 2465 in
876 2431 1076 2466 ear-trema
1109 2424 1285 2480 syllaba
1318 2432 1448 2465 sonat
1481 2431 1528 2465 ut
1563 2426 1611 2464 in
1641 2423 1790 2464 uerbis
1822 2437 1914 2464 nia-

76 2502 291 2556 nifestum
325 2510 403 2544 est.
445 2503 633 2545 dicimus
674 2505 787 2545 enim
821 2505 948 2546 mitto
985 2506 1226 2558 emisimus,
1270 2506 1360 2546 nisi
1407 2504 1550 2546 aliam
1582 2503 1653 2545 hic
1685 2503 1786 2546 uult
1819 2518 1914 2544 esse

76 2582 296 2624 rationem
327 2583 440 2639 quod
473 2583 711 2625 absurdum
745 2591 823 2635 est,
871 2592 919 2626 ut
963 2600 1060 2626 cum
1103 2585 1243 2626 uerba
1285 2599 1450 2640 quoque
1485 2586 1539 2626 ex
1574 2583 1762 2639 syllabis
1802 2598 1914 2625 con-

75 2667 198 2704 stant
231 2670 272 2704 et
304 2661 486 2704 diuersa
516 2664 676 2719 requla
709 2666 1010 2720 cor-rimatur.
1070 2676 1162 2705 uox
1203 2671 1255 2705 ει·
1282 2676 1376 2706 non
1412 2675 1493 2705 suo
1524 2661 1630 2706 loco
1666 2674 1720 2705 ac
1751 2661 1914 2705 littera

74 2740 130 2784 ·i·
160 2738 329 2784 omisso
363 2759 383 2785 e
414 2741 557 2798 (quod
575 2741 750 2797 requiri
768 2742 890 2786 uidit
920 2742 1040 2787 L.F.
1060 2741 1268 2787 Schmidt
1303 2743 1348 2786 C.
1383 2741 1534 2786 Lucili
1566 2746 1760 2786 saturar.
1795 2756 1910 2797 quae

76 2822 134 2866 de
164 2835 286 2866 nono
309 2821 429 2865 libro
463 2827 713 2879 supersunt
732 2822 848 2879 disp.
872 2826 919 2867 et
936 2823 999 2867 ill.
1019 2839 1063 2881 p.
1084 2823 1160 2879 24)
1198 2824 1539 2883 suprascriptae
1571 2838 1712 2881 praue
1738 2823 1913 2879 scripta

75 2915 176 2946 esse
204 2901 352 2965 uerba
383 2901 650 2946 ostendunt.
714 2906 761 2946 et
791 2903 914 2947 haud
948 2904 1128 2961 uolgari
1164 2904 1300 2948 modo
1336 2904 1528 2948 confusa
1559 2907 1606 2948 et
1637 2906 1914 2960 perturbata

75 2985 175 3026 esse
194 2980 366 3025 debent
382 2995 498 3037 quae
513 2995 664 3037 neque
682 2981 891 3040 intellegi
911 2998 1060 3040 neque
1092 2983 1382 3040 singularum
1414 2985 1666 3027 uerborum
1696 2984 1912 3027 mutatio-

72 3059 207 3106 nibus
237 3060 425 3104 restitui
453 3065 662 3118 possunt.
723 3063 967 3107 librarium
1015 3051 1244 3120 quendam
1287 3064 1501 3107 existimo
1544 3064 1765 3107 nonnulla
1798 3062 1909 3105 orni-

75 3130 188 3184 s‘isse
236 3144 283 3184 et
311 3141 512 3198 margini
548 3141 863 3199 adscripsisse,
907 3157 1022 3199 quae
1069 3143 1236 3186 deinde
1279 3158 1371 3186 non
1414 3144 1561 3186 solum
1607 3143 1756 3186 alieno
1806 3143 1909 3185 loco

71 3219 384 3277 inrepserunt,
414 3236 579 3265 uerum
609 3223 750 3265 etiam
781 3223 871 3266 alia
902 3227 949 3267 et
982 3223 1243 3267 necessaria
1275 3225 1568 3280 expulerunt,
1616 3227 1668 3266 ut
1715 3223 1780 3267 ita
1811 3223 1907 3266 fere

73 3301 220 3345 uerba
249 3315 298 3344 se
327 3301 544 3346 habuisse
576 3303 850 3346 uideantur:

77 3385 204 3438 qitam
235 3385 587 3427 inconstantiam
606 3386 750 3427 Varro
771 3401 962 3442 arquens
983 3388 1030 3427 in
1048 3387 1227 3427 eundem
1248 3401 1445 3428 errorem
1482 3386 1665 3426 diuersa

74 3443 168 3497 uia,
184 3455 399 3498 dilabitur
431 3457 579 3499 dicens
611 3460 659 3500 in
690 3459 865 3513 plurali
898 3459 1070 3513 quidem
1103 3473 1287 3500 numero
1312 3458 1463 3500 debere
1484 3458 1663 3498 litterae
1682 3473 1728 3511 .,··

72 3529 307 3584 praeponi,
319 3531 368 3573 in
382 3530 610 3586 sinytclari
629 3546 737 3573 uero
758 3534 936 3573 minime
955 3547 1052 3574 cum
1066 3533 1238 3587 alioqui
1253 3530 1437 3574 aliunde
1452 3532 1500 3571 in
1513 3532 1664 3586 sinqu-
1679 3538 1874 3587 emeremq

63 3594 168 3641 'lari
189 3615 318 3655 quam
337 3604 386 3643 in
401 3604 575 3659 plurali
594 3605 771 3658 syllaba
789 3611 932 3646 son'at.
967 3613 1013 3646 ut
1034 3608 1080 3646 in
1098 3606 1247 3647 uerbis
1269 3607 1554 3659 ’nanifestam
1579 3611 1658 3655 est,
1684 3605 1728 3631 ’θ’
1754 3587 1792 3634 &3
1819 3604 1906 3636 ΝΜ
