2222 4056
1173 356 1236 402 94

303 507 418 575 quit
453 507 723 575 ‘tanquam
760 523 922 557 sonus
961 503 1132 572 magis
1170 502 1246 569 fit,
1286 518 1440 568 quam
1476 499 1634 550 litera
1673 506 1726 549 et
1758 497 2022 552 accedens
2057 499 2118 551 li-

303 603 469 647 terae.
511 601 562 646 et
595 601 820 645 utuntur
855 592 1166 644 auctoritate
1206 607 1526 658 graecorum
1576 587 1717 658 apud
1769 606 1906 656 quos
1937 594 1997 640 ut
2037 608 2119 641 su-

303 702 568 756 peruacua
605 683 812 735 sublata
835 690 929 734 est.
971 681 1138 733 fuisse
1161 687 1340 731 tamen
1371 686 1424 729 et
1451 677 1594 748 apud
1619 677 1742 729 illos
1767 678 2116 731 manifestum

301 782 382 827 est
422 792 489 827 ex
525 773 799 824 ueteribus
836 771 1044 840 scriptis
1082 779 1134 822 et
1174 789 1242 822 ex
1283 787 1345 820 eo
1388 767 1532 839 quod
1569 768 1750 836 hodie,
1801 772 1932 820 cum‘
1972 767 2118 840 apud

300 865 420 917 illos
466 863 672 916 numeri
715 862 884 933 prima
921 880 1135 931 semper
1159 861 1316 911 litera
1342 858 1570 911 nominis
1611 877 1714 928 quo
1743 858 2118 928 significant-ur

298 961 570 1020 notentur,
606 961 663 1003 ut
699 954 747 1003 A
775 949 927 1010 δέκα,
970 952 1022 999 Π
1068 948 1396 1014 πεντήκοντα,
1454 947 1509 995 Η
1540 947 1723 998 ἕκατον
1748 954 2001 1001 notentur
2035 949 2119 1017 (ut

302 1042 426 1092 δέκα
452 1040 762 1104 πεντήκοντα
802 1039 985 1091 ἕκατον
1003 1040 1103 1108 R).
1141 1040 1284 1091 unde
1317 1039 1540 1109 adparet
1573 1038 1710 1092 hanc
1748 1028 2111 1094 literam'loco

297 1131 671 1202 adspirationis
712 1150 818 1184 non
857 1130 1039 1198 fuisse,
1083 1123 1323 1200 alioquin
1357 1128 1853 1200 perEnotaretur’.
1894 1129 2115 1182 uidebar-

298 1230 384 1274 tur
421 1222 655 1274 Varroni
694 1228 870 1273 autem
908 1221 1040 1271 hacc
1082 1227 1208 1271 nota
1248 1227 1304 1270 ut
1340 1219 1618 1272 uocalibus
1661 1219 1734 1270 ita
1775 1219 2112 1272 consonanti·

296 1313 396 1364 bus
452 1330 663 1381 quoque
704 1313 792 1378 (fr.
834 1312 923 1377 56)
971 1310 1374 1380 praeponenda,
1427 1311 1475 1363 R
1527 1328 1659 1362 uero
1705 1309 1884 1362 littera
1929 1318 2118 1363 eontra

297 1421 619 1472 graecorum
665 1422 817 1454 usum
867 1401 1190 1472 adspiranda
1243 1419 1351 1452 non
1396 1418 1514 1453 esse
1566 1400 1651 1466 (fr.
1681 1401 1793 1466 57).
1865 1399 2115 1472 spiritum

299 1510 458 1560 quem
498 1498 732 1554 adflatum
773 1491 889 1560 ipse
927 1490 1058 1541 dicit
1099 1507 1279 1541 rerum
1320 1489 1638 1541 rusticarum
1675 1490 1769 1542 III
1801 1490 1845 1557 l,
1870 1489 1921 1558 6,
1950 1496 2119 1553 flamm

299 1601 367 1635 ex
409 1600 471 1634 eo
506 1592 565 1635 ut
603 1582 818 1634 uidetur
840 1581 1076 1636 Scaurus
1104 1601 1154 1651 p.
1176 1579 1330 1647 2252,
1367 1586 1621 1649 quantum
1657 1579 1776 1632 fieri
1811 1587 1997 1651 posset
2033 1597 2115 1632 re·

302 1674 536 1745 primere
576 1673 778 1726 studuit
817 1673 907 1740 (fr.
928 1672 1019 1740 58)
1062 1679 1115 1723 et
1147 1671 1202 1722 in
1228 1670 1303 1722 eis
1331 1678 1535 1722 tantum
1562 1670 1852 1724 uocabulis·
1881 1669 2116 1738 admisi&

302 1764 392 1816 ubi
429 1763 763 1833 etymologia
812 1781 935 1815 eum
987 1763 1302 1833 postularet,
1352 1761 1532 1832 itaque
1587 1760 1750 1813 scribi
1794 1760 1950 1814 iussit
1984 1770 2121 1815 orbus

303 1874 413 1907 non
450 1862 618 1908 hortus
641 1856 706 1907 ab
731 1853 972 1921 oriendO,
1008 1860 1135 1907 alica
1159 1854 1224 1905 ab
1247 1852 1461 1920 alend0‚
1498 1858 1678 1906 alicula
1718 1853 1783 1904 ab
1822 1851 1936 1905 alis,
1973 1851 2120 1904 idem

302 1945 459 1998 etiam
496 1945 563 1997 ad
600 1945 887 2015 peregrina
929 1946 1095 1996 uerba
1134 1943 1402 1997 transtulit
1438 1950 1497 1995 ut
1535 1942 1650 1996 sine
1688 1942 1850 1995 dubio
1879 1942 1936 1994 in
1958 1947 2122 1996 Cilone

307 2056 420 2090 eam
463 2035 727 2106 originem
768 2042 983 2087 secutus
1029 2042 1126 2102 est,
1192 2053 1294 2103 qua
1346 2034 1506 2086 homo
1559 2032 1772 2103 angusti
1827 2031 2014 2103 capitis
2066 2040 2119 2084 et

305 2127 526 2196 oblongi
573 2134 667 2193 est,
727 2144 837 2177 non
888 2143 1000 2177 cam
1044 2144 1146 2193 qua
1187 2124 1588 2195 inprobioribus
1627 2109 1792 2176 labris
1831 2140 1952 2176 esse
1988 2121 2120 2174 dici—

303 2225 389 2270 tur
426 2217 520 2284 (cf.
556 2216 679 2267 Vel.
719 2216 894 2285 Long.
939 2234 988 2285 p.
1014 2215 1187 2281 2234).
1259 2222 1444 2267 contra
1494 2234 1617 2267 cum
1665 2212 2035 2284 adspiratione.
2075 2212 2120 2264 ei

301 2306 505 2377 placuit
541 2305 771 2358 dicenda
810 2324 925 2358 esse
962 2306 1179 2373 harena⁷
1217 2324 1355 2375 quae
1387 2305 1653 2360 aSabinis
1679 2304 1880 2372 fasenn„
1915 2301 2120 2355 haedus

303 2396 485 2450 hircus
526 2396 790 2448 hordeum
827 2396 1064 2449 hariolus
1106 2397 1292 2465 hostiS,
1332 2396 1454 2466 quia
1479 2397 1544 2448 ab
1567 2394 1798 2463 antiquis
1819 2394 1911 2463 qui
1944 2392 2122 2446 eidem

302 2487 489 2543 Sabini
545 2494 669 2539 sunt
727 2484 818 2555 (cf.
855 2487 954 2541 Th.
992 2488 1296 2541 Mommsen
1334 2486 1603 2539 unterital.
1646 2485 1771 2538 dial.
1810 2505 1861 2556 p.
1892 2483 1993 2537 358
2015 2485 2116 2552 sq.)

303 2578 488 2630 faedus
529 2578 689 2630 fircus
744 2578 992 2630 fordeum
1050 2578 1270 2631 fariolus
1326 2578 1477 2630 fostis
1524 2577 1613 2646 (cf.
1656 2576 1807 2630 Paul.
1849 2593 1899 2645 p.
1931 2573 2001 2626 84
2022 2573 2119 2639 M.)

305 2668 875 2740 pronuntiabantur1).
915 2668 1202 2740 adspiratio
1242 2667 1295 2719 in
1337 2668 1529 2720 mediis
1560 2666 1838 2719 uocabulis
1878 2665 1925 2718 ei
1965 2683 2122 2736 quam

303 2759 534 2812 maxime
573 2759 873 2811 coercenda
923 2759 1226 2826 uidebatur,
1285 2767 1344 2811 ut
1381 2758 1620 2811 Scaurus
1659 2755 1869 2829 p..2‘256
1905 2755 2121 2808 demon-

303 2858 434 2903 strat
469 2849 540 2901 ‘et
576 2849 833 2901 Pulcrum
873 2849 1062 2918 (negat
1093 2849 1272 2901 Varro
1311 2848 1694 2919 adspirandum
1731 2848 1896 2916 esse),
1942 2865 2121 2919 quam-

309 2967 455 2974 -—.-——-.

469 3022 510 3078 1)
542 3021 654 3065 Cum
686 3036 795 3065 uero
827 3025 1067 3078 praeterea
1100 3022 1339 3068 eVarrone
1372 3021 1584 3077 antiquos
1617 3023 1772 3064 habam
1801 3019 1970 3064 dixisse
2001 3015 2123 3074 quod

299 3102 580 3160 posteriores
613 3103 762 3157 sabam
802 3101 1079 3157 proferatur,
1120 3101 1207 3144 hoc
1245 3115 1338 3143 non
1380 3100 1570 3142 multum
1616 3100 1672 3142 ab
1706 3099 1771 3142 eis
1803 3099 1963 3150 abesse
1993 3095 2122 3139 uides

302 3197 419 3238 quae
448 3182 499 3224 A.
533 3170 767 3237 Kiessling
796 3180 852 3223 de
895 3180 1081 3235 Dionys.
1111 3180 1270 3237 ‚Halic.
1313 3179 1454 3234 antiq.
1491 3182 1611 3222 auct.
1649 3179 1726 3220 lat.
1758 3192 1803 3234 p.
1829 3176 1886 3220 39
1915 3173 2121 3220 Varrone

301 3259 394 3304 non
424 3261 612 3317 indigna
645 3259 840 3316 putabat
871 3259 990 3316 apud
1024 3260 1234 3303 Seruium
1268 3257 1326 3301 ad
1361 3259 1496 3314 Verg.
1530 3258 1639 3300 Aen.
1658 3256 1743 3300 VII
1759 3255 1868 3300 695:
1904 3252 2122 3298 ‘Faliscos

301 3340 494 3383 Halesus
526 3340 748 3383 condidit.
782 3339 828 3382 hi
864 3343 1016 3382 autem
1049 3339 1288 3382 immutato
1310 3337 1468 3381 HinF
1499 3336 1665 3380 Falisci
1696 3335 1811 3379 dicti
1843 3338 1966 3383 sunt,
2004 3334 2122 3377 sicut

300 3421 440 3464 febris
474 3420 647 3464 dicitur
693 3434 811 3475 quae
847 3423 955 3462 ante
995 3420 1150 3463 hebris
1192 3419 1447 3473 dicebatur,
1489 3417 1702 3461 Formiae
1744 3428 1859 3471 quae
1906 3414 2122 3457 Hormiae

300 3502 488 3545 fuerunt
519 3498 610 3545 ἀπὸ
643 3502 718 3556 τῆς
745 3500 901 3559 ὁρμῆς.
935 3515 1040 3543 nam
1071 3501 1319 3556 posteritas
1368 3499 1415 3542 in
1455 3498 1613 3542 multis
1655 3495 1919 3540 nominibus
1944 3494 1998 3537 »F
2037 3508 2121 3551 pro

302 3582 344 3627 H
375 3582 557 3639 posuit'.
