2306 4016
1277 331 1340 376 78

391 475 621 544 uestigia
658 491 792 542 quae
842 474 989 526 hunc
1037 475 1217 527 locum
1257 475 1399 545 apud
1439 475 1716 528 Isidorum
1753 476 2031 548 excipiunt
2058 476 2100 546 ²)
2159 485 2212 529 et

389 571 669 635 poetarum
721 570 774 614 et
811 580 1003 634 prosae
1046 563 1372 634 scriptorum
1419 565 1726 635 conparatio
1770 572 1830 617 ut
1878 565 1944 618 ad
1993 567 2211 619 eosdem

388 654 490 705 hoc
531 653 821 705 frustulum
857 653 1091 705 referam
1130 672 1217 706 me
1257 662 1493 707 mouent.
1532 654 1684 707 initio
1706 655 1874 724 igitur
1894 655 2019 709 libri
2041 656 2211 726 quinti

389 744 455 795 de
494 743 592 794 hac
631 760 691 794 re
729 743 1033 795 Varronem
1068 744 1388 796 disseruisse
1436 744 1784 816 breuiterque
1822 762 1928 816 quo
1964 753 2209 816 tempore

387 842 675 902 utrumque
713 840 887 885 ortum
926 834 992 885 sit
1030 834 1289 887 adiecisse
1329 834 1509 889 cred0.
1551 835 1791 888 carmina
1818 836 1964 888 enim
1988 836 2115 889 i'ndo
2145 837 2210 888 ab

385 923 770 992 antiquissimis
803 923 1140 994 temporibus
1177 943 1295 979 esse
1336 931 1546 977 cantata
1584 925 1932 994 existimauit,
1959 933 2014 978 et
2039 926 2212 979 solut-a

389 1015 628 1066 oratione
668 1014 899 1084 primum
955 1015 1098 1086 apud
1148 1033 1375 1085 graecos
1425 1015 1806 1085 Pherecydem
1855 1016 2075 1085 Syrium
2118 1017 2211 1081 (ef.

386 1104 538 1159 Suid.
582 1102 901 1169 Φερεκύδης.
975 1104 1038 1158 F.
1081 1104 1150 1159 Gr.
1196 1104 1700 1177 Sturz·Pherecyd.
1741 1107 1933 1176 fragm.
1972 1109 2211 1180 psllsq.

387 1195 471 1247 ed.
507 1195 640 1263 alt),
694 1194 837 1267 apud
888 1195 1160 1248 Romanos
1210 1195 1453 1268 Appium
1497 1194 1783 1250 Claudium
1825 1195 2208 1265 Caecumb(cf.

387 1285 501 1339 Cic.
522 1286 674 1338 Brut.
702 1286 782 1353 16,
802 1287 886 1338 61.
924 1285 994 1338 Η.
1017 1286 1212 1356 Meyer
1253 1295 1384 1340 orat.
1424 1306 1557 1341 rom.
1595 1287 1786 1357 fragm.
1813 1289 1864 1358 p.
1893 1289 1918 1339 1
1943 1287 2047 1358 sq.)
2085 1289 2210 1342 scri·

384 1377 572 1446 psisse.
613 1376 812 1428 deinde
848 1376 915 1428 ad
956 1395 1161 1447 genera
1210 1377 1425 1431 dicendi
1461 1377 1672 1431 transiit
1711 1386 1764 1431 et
1801 1379 1893 1431 ubi
1917 1386 1990 1431 et
2027 1386 2208 1448 quate-

350 1465 353 1469 ’
385 1486 485 1519 nus
523 1466 828 1520 adhibenda
859 1465 914 1519 in
956 1485 1205 1520 sermone
1241 1469 1447 1521 urbano
1486 1468 1593 1520 sint
1629 1468 1896 1539 exposuit,
1937 1487 2044 1537 quo
2070 1470 2208 1521 facto

385 1558 629 1628 singulas
664 1558 889 1610 virtutes
924 1559 1186 1611 'orationis
1239 1567 1293 1610 et
1340 1559 1471 1610 uitia
1514 1558 1798 1611 recensuit.
1862 1558 2101 1627 denique
2141 1559 2210 1612 de

381 1649 772 1702 uocabulorum
822 1648 1220 1719 significatione
1280 1650 1370 1716 (fr.
1411 1650 1495 1701 83.
1533 1649 1615 1700 84.
1651 1647 1734 1701 85.
1770 1648 1860 1714 86)
1911 1649 2208 1702 seeundum

380 1759 537 1792 usum
579 1739 931 1809 elegantioris
963 1739 1240 1792 latinitatis
1265 1740 1309 1809 2>
1347 1741 1522 1812 deque
1565 1741 1792 1793 aliorum
1831 1740 2020 1794 formis
2056 1759 2208 1810 prae·

381 1830 788 1899 stantioribus3)
819 1831 909 1899 (fr.
930 1831 1013 1884 88.
1042 1831 1133 1899 89)
1159 1833 1371 1884 locutus
1411 1840 1507 1899 est,
1548 1831 1645 1884 sed
1683 1849 1753 1884 ex
1783 1831 1968 1903 paucis
1999 1839 2061 1895 >et
2097 1830 2207 1883 exi-

380 1922 501 1991 guis
540 1918 803 1990 relliquiis
844 1939 944 1974 nec
981 1922 1114 1975 ordo
1156 1941 1339 1975 rerum
1376 1940 1476 1975 nec
1501 1923 1639 1975 ratio
1674 1921 2028 1993 expositionis
2059 1920 2207 1974 inda-

381 2008 499 2083 gari
539 2019 736 2083 potest.

547 2207 592 2261 1)
625 2206 742 2249 Vide
773 2205 942 2249 Isidori
972 2205 1088 2262 orig.
1121 2206 1142 2248 I
1172 2205 1243 2260 38,
1276 2207 1315 2250 1.
1343 2207 1384 2250 2.
1411 2206 1439 2250 3
1485 2206 1582 2250 siue
1624 2190 1969 2251 adnotationem
1998 2209 2206 2251 nostram

379 2286 437 2330 ad
468 2286 727 2342 fragmenta
757 2285 827 2328 65.
858 2285 930 2328 69.
963 2285 1034 2329 64.
1446 2298 1449 2300 ’

542 2366 587 2421 2)
622 2365 799 2409 Locum
829 2379 854 2408 a
885 2365 1037 2427 Probo
1081 2366 1203 2421 apud
1239 2366 1439 2410 Gellium
1469 2366 1598 2410 VIIII
1625 2366 1667 2420 9,
1691 2367 1719 2409 9
1751 2366 1822 2422 (fr.
1845 2366 1920 2421 84)
1969 2369 2205 2417 seruatum

377 2445 465 2488 huc
480 2445 605 2488 traxi
622 2448 818 2502 propter
835 2444 1116 2501 singularem
1133 2445 1482 2502 congruentiam
1515 2459 1618 2488 cum
1636 2445 1814 2493 Charisi
1842 2446 1947 2510 loco
1976 2461 2020 2505 p.
2037 2445 2204 2507 10:336

381 2528 452 2583 (fr.
471 2528 557 2583 85).
592 2542 730 2584 quare
757 2527 869 2571 haec
901 2531 1002 2571 arte
1035 2542 1207 2572 conexa
1240 2531 1286 2570 et
1316 2527 1371 2570 de
1403 2527 1633 2572 communi
1665 2526 1843 2584 origine
1874 2527 2204 2590 uocabulorum

377 2622 514 2665 caper
546 2623 686 2664 capus
705 2609 942 2664 (caballus)
977 2608 1155 2652 dictum
1185 2608 1324 2652 fuisse
1366 2607 1519 2651 credo.
1552 2607 1689 2650 aliam
1720 2610 1850 2665 capri
1881 2606 2203 2681 etymologiam

377 2687 619 2744 proposuit
653 2688 800 2731 Varro
833 2688 890 2732 de
921 2688 1013 2731 1.1
1048 2686 1164 2731 V97
1195 2703 1237 2744 p
1260 2687 1332 2731 99.
1364 2703 1454 2731 rer
1488 2690 1602 2734 rust.
1634 2687 1677 2730 ΙΙ
1698 2687 1740 2741 3,
1758 2687 1796 2730 7.

544 2766 589 2823 3)
623 2767 737 2810 Cum
767 2767 1028 2824 fragmenta
1059 2766 1129 2811 87.
1149 2767 1206 2811 88
1239 2768 1294 2810 de
1325 2767 1652 2811 aduerbiorum
1680 2758 1840 2810 formis
1869 2765 2003 2822 plura
2033 2764 2082 2808 in
2113 2765 2201 2808 hoe

378 2846 497 2890 libro
529 2847 702 2890 tradita
733 2861 831 2891 esse
864 2847 1063 2891 doceant
1094 2847 1153 2890 ad
1183 2847 1378 2890 eundem
1408 2847 1559 2890 locum
1589 2846 1823 2902 pertinere
1853 2849 1965 2903 put-o
1997 2860 2113 2902 quae
2145 2846 2202 2889 de

376 2941 463 2969 usu
496 2926 833 2970 coniunctionis
873 2928 1048 2983 quando
1088 2926 1442 2970 Formianorum
1484 2929 1531 2969 et
1562 2925 1893 2969 Fundanorum
1927 2923 2114 2982 (oppida
2148 2938 2203 2968 ea

375 3006 425 3050 in
455 3006 592 3049 Latio
624 3021 724 3050 esse
756 3006 876 3062 scis),
907 3006 988 3051 ubi
1016 3021 1132 3062 pura
1166 3006 1371 3050 latinitas
1404 3024 1499 3050 cum
1541 3007 1757 3063 postulet,
1793 3005 1918 3063 apud
1947 3005 2202 3049 Charisium

376 3100 432 3130 ex
460 3086 668 3130 Romano
702 3102 746 3143 p.
771 3086 870 3141 111,
895 3086 954 3129 23
987 3087 1206 3143 leguntur
1242 3086 1316 3142 (fr.
1337 3086 1422 3144 90).
1458 3111 1514 3118 --
1541 3087 1790 3131 Praeterea
1817 3086 1940 3143 apud
1970 3085 2202 3132 Donatum

375 3166 422 3210 in
456 3165 646 3211 Terenti
676 3166 793 3210 Eun.
828 3166 917 3210 IIII
942 3166 985 3220 3,
1005 3165 1032 3209 7
1072 3170 1212 3210 Varro
1247 3172 1294 3210 in
1327 3170 1593 3211 Marcellum
1623 3181 1709 3224 pro
1750 3169 1889 3211 Varro
1922 3168 1980 3213 ad
2008 3151 2202 3214 Marcel-

377 3249 467 3291 lum
509 3246 582 3303 (fr.
617 3246 689 3303 82)
736 3247 962 3303 scriptum
1005 3261 1104 3290 esse
1149 3247 1341 3300 conicio,
1387 3262 1521 3302 quem
1560 3247 1714 3290 locum
1755 3246 1986 3290 Ausonius
2029 3246 2202 3302 Popma

376 3327 613 3381 (Varronis
657 3341 797 3383 opera
839 3341 955 3382 quae
997 3330 1176 3369 extant'
1196 3341 1240 3383 p.
1271 3326 1375 3377 153)
1417 3327 1597 3370 incerto
1627 3327 1748 3370 libro
1779 3325 1836 3369 de
1869 3325 2028 3382 lingua
2058 3324 2201 3368 latina

376 3407 554 3450 tribuit.
597 3406 654 3450 de
687 3406 771 3450 tali
804 3406 1010 3450 oratione
1042 3406 1163 3449 enim
1194 3406 1310 3449 nihil
1344 3421 1544 3462 unquam
1575 3406 1779 3450 auditum
1813 3409 1884 3449 est
1917 3404 2201 3449 obseruatio-

375 3501 571 3543 nemque
604 3487 834 3543 quandam
867 3487 924 3531 de
957 3486 1165 3530 obsoleta
1196 3486 1379 3530 dicendi
1413 3486 1563 3543 figura
1591 3497 1828 3546 praesente
1860 3488 2024 3544 leyatie
2066 3488 2201 3528 omni-

379 3566 455 3608 hus
486 3564 603 3608 bene
634 3564 755 3608 libro
786 3564 950 3621 quinto
977 3566 1133 3621 aptam
1167 3576 1267 3608 esse
1297 3563 1440 3608 uides.
