2306 4016
1250 338 1315 385 88

375 498 561 532 eorum
615 498 750 551 quae
801 481 868 532 ad
923 483 1366 550 cognoscendum
1419 482 1636 550 linguae
1682 482 1876 534 latinae
1914 482 2193 536 historiam

376 571 592 622 maximi
636 571 893 624 momenti
934 579 1073 640 sunt,
1110 589 1138 624 e
1176 572 1427 624 Varrone
1462 572 1846 624 transtulerint.
1885 573 1982 626 sed
2010 591 2192 641 quam-

374 661 455 712 uis
492 662 625 713 fines
669 679 803 730 quos
859 662 987 714 mihi
1043 662 1295 714 constitui
1344 662 1399 713 in
1436 662 1535 713 hac
1567 681 1626 714 re
1666 683 1776 716 non
1809 662 1978 715 inuito
2014 662 2192 715 animo

374 752 806 821 transgrederer,
840 761 1020 805 tamen
1057 753 1112 804 in
1155 753 1319 805 certis
1352 753 1443 804 uel
1478 739 1873 825 simplicissima
1910 758 2191 824 argumen-

374 842 574 894 tatione
611 842 716 894 huc
758 842 1061 895 referendis
1098 842 1403 914 acquiesco,

538 932 597 986 Si
647 950 778 984 uero
814 933 943 984 Veli
979 933 1159 1002 Longi
1215 933 1630 1004 disputationem
1675 951 1833 1004 quam
1878 951 2042 1006 supra
2100 952 2192 987 ex-

375 1021 536 1092 cripsi
574 1023 1017 1094 percurrentibus
1057 1023 1174 1075 ueri
1211 1030 1325 1075 erat
1361 1023 1516 1076 nobis
1555 1016 1734 1074 simile¹
1769 1023 1934 1076 libros
1977 1024 2044 1076 dc
2083 1042 2191 1078 ser-

375 1131 532 1164 mone
586 1113 754 1164 latino
809 1113 1130 1187 scriptorem
1170 1113 1225 1164 in
1261 1113 1509 1166 manibus
1565 1113 1834 1180 habuisse,
1893 1113 1998 1166 duo
2054 1133 2196 1168 nunc

374 1202 648 1267 accedunt,
706 1203 895 1272 quibus
953 1221 1137 1255 omnes
1189 1204 1288 1255 hos
1350 1203 1727 1273 grammaticos
1785 1221 1854 1257 ex
1905 1205 2008 1257 his·
2042 1205 2195 1258 libris

373 1293 611 1345 hausisse
665 1295 1024 1346 confirmatur.
1101 1293 1334 1365 primum
1384 1295 1525 1346 enim
1565 1295 1763 1347 scimus
1798 1294 2102 1349 Varronem
2138 1295 2195 1349 in

375 1384 567 1436 horum
603 1384 866 1436 librorum
903 1384 1063 1436 tertio
1105 1385 1169 1437 de
1207 1384 1570 1457 adspiratione
1620 1386 1814 1456 egisse,
1873 1385 2018 1456 quod
2069 1385 2196 1457 quin

375 1476 499 1527 satis
542 1474 755 1544 copiose
795 1482 847 1525 et
882 1482 1128 1527 accurate
1167 1475 1357 1527 fecerit
1391 1475 1638 1528 dubitare
1677 1494 1787 1528 non
1828 1476 2045 1545 poterit,
2105 1475 2195 1546 qui

376 1573 574 1634 quanta
612 1565 856 1617 doctrina
894 1573 947 1617 et
991 1565 1273 1636 diligentia
1311 1566 1599 1618 elaborarit
1638 1565 1705 1618 de
1746 1566 2051 1619 accentibus
2088 1583 2196 1618 me-

374 1655 606 1708 minerit.
664 1656 866 1727 optime
903 1654 1074 1726 'igitur
1109 1656 1210 1708 hae
1247 1656 1532 1727 relliquiae
1571 1673 1708 1726 quae
1746 1655 2064 1729 ampliorem
2103 1674 2195 1711 ex-

375 1746 699 1818 positionem
739 1746 976 1817 produnt
1004 1746 1083 1798 illi
1118 1746 1256 1800 libro
1295 1755 1420 1818 apta
1459 1754 1595 1800 sunt.
1635 1748 1864 1800 alterum
1893 1747 1962 1800 ad
1991 1754 2195 1819 tempo-

376 1858 495 1892 rum
520 1838 754 1891 rationes
781 1845 1000 1908 spectat.
1043 1837 1313 1891 Cornutus
1348 1838 1490 1890 enim
1510 1838 1822 1893 Cassiodori
1854 1839 1989 1892 haec
2009 1839 2194 1892 scribit

377 1927 639 2001 (p.2284):
667 1930 928 1983 ‘lacrumae
947 1949 1015 1981 an
1036 1935 1279 1992 lacrimae,
1293 1949 1546 1982 mam-umus
1567 1948 1636 1981 an
1654 1937 1892 1982 maximus
1914 1937 1967 1981 et
1987 1930 2032 1983 si
2054 1947 2192 2003 quae

372 2019 566 2071 similia
605 2026 730 2071 sunt
768 2018 927 2072 scribi
963 2019 1160 2072 debeat
1197 2019 1453 2086 (debeant
1479 2019 1584 2088 R),
1622 2019 1923 2090 quaesitum
1960 2027 2054 2074 est.
2092 2019 2194 2073 Te-

373 2109 580 2162 rentius
617 2110 792 2162 Varro
838 2109 1061 2166 tradidit
1098 2109 1388 2164 Caesarem
1410 2109 1450 2178 1)
1501 2128 1598 2181 per
1634 2110 1664 2163 I
1721 2109 1983 2164 eiusmodi
2031 2111 2199 2164 uerba

376 2205 590 2258 solitum
632 2223 748 2258 esse
789 2205 1068 2257 enuntiare
1105 2212 1158 2256 et
1201 2204 1456 2257 scribere.
1493 2203 1621 2256 inde
1658 2211 1879 2275 propter
1914 2203 2196 2257 auctorita-

375 2303 481 2348 tem
518 2295 652 2348 tanti
689 2295 791 2347 uiri
829 2295 1274 2348 consuetudinem
1299 2295 1527 2347 factam'.
1567 2294 1633 2346 de
1657 2295 2042 2361 consuetudine
2067 2313 2199 2348 uero

382 2385 443 2440 C.
471 2385 714 2439 Caesaris
742 2386 1062 2438 auctoritate
1097 2393 1211 2438 orta
1235 2384 1467 2439 Caesare
1494 2385 1839 2438 adolescente
1878 2387 1968 2439 uel
2003 2386 2198 2458 potiUS,

377 2486 439 2530 ut
490 2477 664 2529 dicam
722 2476 865 2548 quod
913 2476 1106 2544 senti0‚
1158 2477 1284 2529 uiuo
1325 2475 1562 2530 Caesare
1598 2476 1694 2528 uix
1734 2475 2014 2546 quisquam
2050 2476 2199 2546 loqui

376 2567 564 2639 potuit.
605 2584 769 2638 opera
799 2574 975 2619 autem
990 2566 1255 2620 Varronis
1293 2566 1647 2637 grammatica
1683 2585 1820 2636 quae
1855 2566 1947 2619 hic
1981 2567 2037 2619 in
2076 2585 2198 2620 cen-

378 2680 495 2714 sum
529 2659 752 2712 ueniunt
791 2667 882 2712 aut
919 2661 1087 2713 multo
1126 2660 1276 2732 prius
1314 2659 1512 2731 scripta
1552 2666 1689 2726 sunt,
1731 2677 1887 2730 quam
1923 2658 1980 2711 in
2006 2657 2198 2728 quibus
2263 2700 2271 2708 ,

542 2869 587 2923 1)
623 2869 928 2923 Quintilianus
962 2867 1107 2925 (insts¹
1121 2872 1235 2912 orat.
1268 2869 1288 2911 I
1319 2867 1359 2922 7,
1384 2869 1458 2924 21)
1495 2871 1541 2912 et
1570 2867 1726 2912 Velius
1753 2867 1941 2923 Longus
1974 2859 2035 2923 (p.
2057 2865 2195 2920 2228)

375 2952 422 2994 in
444 2949 649 2994 Caesaris
684 2948 833 2992 titulis
864 2949 929 2992 ita
961 2949 1186 3006 scriptum
1215 2949 1357 2992 fuisse
1387 2948 1653 2992 tradunt.—-
1673 2948 1787 2992 Cum
1818 2947 1906 2991 hoc
1935 2947 2038 2991 loco
2051 2946 2199 2990 Varro

379 3030 620 3074 Caesarem
656 3029 876 3082 nominet,
910 3033 1072 3073 contra
1087 3029 1345 3073 Varronem
1372 3043 1398 3072 a
1418 3028 1611 3073 Caesare
1639 3027 1946 3084 inpugnatum
1976 3036 2076 3070 esse
2107 3024 2201 3069 noli

378 3109 561 3153 efficere
598 3124 622 3152 e
651 3108 873 3164 Pompeio
909 3109 967 3151 ad
997 3109 1114 3152 Don.
1147 3124 1190 3164 p.
1209 3108 1295 3152 5233
1327 3108 1482 3152 Lind.:
1538 3107 1744 3151 ‘Lectum
1778 3110 1847 3151 est
1887 3106 1976 3150 hoc
2017 3104 2198 3162 saepius

377 3189 621 3244 praecipue
645 3189 1047 3244 apudVarroncm.
1079 3189 1155 3232 ille
1187 3189 1313 3244 dicit,
1345 3192 1415 3232 lac
1435 3203 1529 3231 non
1561 3188 1779 3231 debemus
1811 3186 1965 3230 dicere
1993 3185 2073 3228 sed
2091 3187 2196 3228 lact.

379 3269 458 3311 sed
490 3269 608 3310 dixit
649 3267 817 3311 Caesar
863 3272 1026 3311 contra
1068 3269 1216 3324 ipsum
1260 3283 1355 3312 rem
1395 3267 1770 3321 ualentissimam‚
1812 3266 1989 3310 nullum
2033 3279 2199 3308 nomen

379 3349 554 3391 duabus
589 3348 727 3391 mutis
758 3347 1023 3391 terminari’.
1085 3346 1291 3392 Caesaris
1334 3349 1456 3391 enim
1497 3350 1746 3404 praecepto
1793 3345 1851 3389 ad
1881 3344 2198 3402 castigandum

378 3427 634 3470 Varronem
665 3426 814 3470 utitur
830 3426 1074 3482 Pompeius
1096 3426 1193 3469 siue
1227 3426 1327 3482 quis
1357 3426 1444 3471 fuit
1475 3426 1570 3470 eius
1605 3429 1782 3480 auctor,
1811 3423 1892 3468 sed
1921 3424 2072 3480 ipsum
2090 3413 2197 3466 Cae·
2225 3429 2228 3434 ’

380 3520 526 3548 sarem
559 3506 606 3548 id
638 3505 800 3549 fecisse
837 3519 859 3548 e
903 3508 1117 3549 contorto
1161 3507 1207 3547 et
1247 3503 1343 3547 fere
1380 3504 1549 3560 ubique
1595 3504 1768 3548 absono
1800 3503 1990 3560 Pompei
2030 3515 2199 3560 genere

378 3584 556 3630 dicendi
593 3586 822 3642 conligere
854 3601 946 3628 non
980 3584 1102 3629 licet.
