2366 4048
1009 317 1077 363 79

201 516 204 517 γ
236 506 237 509 ¹
292 463 638 518 Perlustratis
678 463 1037 535 posteriorum
1075 461 1339 515 librorum
1373 462 1639 531 relliquiis
1681 464 1952 533 totiusque

128 553 311 625 operis
354 553 617 625 peculiari
667 552 853 606 indole
904 550 1300 623 quodammodo
1342 562 1627 623 perspecta
1663 554 1732 607 ad
1771 554 1958 626 prio-

127 653 239 699 res
291 644 508 697 libros
559 652 786 697 transeo>
826 662 958 712 quos
1007 642 1182 696 adhue
1234 643 1481 714 neglexi.
1524 645 1682 712 quale
1731 653 1788 696 et
1827 645 1958 714 quid

130 753 317 790 eorum
354 737 411 789 in
449 736 760 790 uniuersum
802 735 965 788 fuerit
1019 743 1400 806 argumentum
1457 754 1565 788 non
1612 736 1683 788 ita
1735 736 1959 789 difficile

129 827 630 895 esbdemonstratu,
684 827 781 880 sed
836 827 1051 897 singula
1106 827 1274 879 multo
1328 826 1643 879 obscuriora
1701 845 1860 895 quam
1904 827 1958 879 in

127 917 237 972 iltis
257 924 414 984 sunt,-
438 935 562 969 nam
594 915 919 988 paucissima.
949 924 1154 968 tantum
1192 916 1418 968 frustula
1442 923 1674 968 aetatem
1698 917 1959 969 tulerunt.

128 1007 280 1061 initio
306 1007 404 1060 lib
422 1007 479 1059 ri
508 1027 542 1079 p
560 1008 614 1060 ri
637 1008 719 1060 mi
752 1025 973 1060 necesse
995 1015 1111 1060 erat
1135 1014 1194 1059 ut
1214 1006 1281 1058 de
1304 1006 1527 1060 consilio
1554 1015 1608 1058 et
1631 1016 1956 1077 argumento

128 1097 308 1170 operis
344 1097 722 1169 disputaretur,
770 1097 1093 1168 praesertim
1134 1096 1264 1166 quid
1302 1097 1370 1150 sit
1407 1116 1584 1149 sermo
1625 1097 1824 1150 latinus
1865 1100 1955 1150 uel

128 1187 622 1260 pura'latinitas
662 1196 905 1240 accurate
942 1188 1494 1242 circumscriberetur.
1533 1188 1708 1242 Varro
1735 1188 1837 1241 hoc
1859 1207 1956 1259 ge-

127 1277 384 1332 neraliter
439 1277 681 1330 definiuit
735 1285 894 1348 atque
950 1276 1159 1330 addidit
1214 1277 1440 1330 ducibus
1502 1287 1682 1331 natura
1728 1285 1955 1345 analoyia

130 1374 474 1422 consuetudine
521 1375 808 1422 auctoritate
860 1367 989 1438 quid
1036 1369 1176 1420 bene
1234 1367 1435 1421 dictum
1489 1369 1557 1422 sit
1609 1369 1954 1423 iudicandum

129 1475 266 1513 esse·
303 1457 562 1511 discimus
598 1458 703 1511 hoc
741 1476 813 1511 ex
848 1459 1120 1514 Diomede
1166 1478 1218 1530 p.
1238 1458 1342 1510 439
1372 1458 1589 1528 (fr.41),
1629 1460 1870 1528 quicum
1906 1459 1961 1512 in

123 1549 268 1605 libro
307 1548 466 1602 tertio
517 1568 628 1602 non
670 1549 846 1602 solum
893 1549 1074 1603 omnia
1112 1568 1248 1620 quae
1287 1550 1385 1603 sub
1431 1549 1698 1602 Varronis
1741 1550 1961 1603 nomine

130 1639 339 1711 profert
391 1640 661 1710 (exceptis
716 1640 791 1692 eis
847 1658 982 1711 quae
1037 1640 1302 1695 Suetonio
1363 1659 1489 1694 eum
1543 1640 1745 1693 debere
1797 1660 1959 1713 supra

132 1730 291 1799 dixi),
327 1748 520 1784 uerum
557 1731 719 1783 etiam
757 1731 910 1782 haud·
938 1749 1106 1801 pauca
1142 1739 1426 1802 praeterea
1465 1749 1494 1783 e
1545 1731 1684 1785 libro
1740 1731 1808 1784 de
1848 1750 1956 1784 ser-

130 1840 291 1878 mone
326 1822 490 1875 latino
530 1830 720 1892 quarto
760 1822 973 1885 habeat,
1012 1822 1222 1892 reliqua
1257 1841 1495 1892 quoque,
1547 1842 1683 1894 quae
1719 1823 1775 1876 in
1817 1823 1958 1876 libro

131 1912 370 1967 seeundo
409 1931 438 1966 e
473 1913 722 1968 Varrone
763 1913 965 1982 laudat,
1002 1931 1072 1966 ex
1110 1913 1315 1967 eisdem
1347 1914 1501 1966 libris
1539 1914 1832 1985 sumpsisse
1866 1933 1960 1985 pu-

136 2002 332 2059 tandus
369 2011 469 2072 est,
502 2003 771 2073 siquidem
807 2004 1114 2075 fragmenta
1148 2005 1264 2074 ipsa
1298 2024 1420 2057 cum
1448 2011 1768 2075 argumento
1794 2005 1958 2057 libro-

130 2112 252 2148 rum
290 2094 638 2148 conueniunt.
674 2095 770 2147 uix
813 2114 873 2146 ac
910 2113 976 2147 ne
1012 2094 1109 2147 uix
1146 2094 1365 2163 quidem
1401 2095 1519 2166 ipse
1566 2095 1718 2148 libris
1760 2093 1954 2146 Varro-

134 2185 311 2241 nianis
344 2205 472 2239 usus
513 2194 611 2253 est,
646 2186 743 2238 sed
779 2203 848 2238 ex
884 2185 1004 2238 aliis
1042 2185 1350 2238 auctoribus
1380 2205 1474 2239 sua
1498 2186 1688 2251 hausit,
1726 2194 1786 2238 ut
1808 2203 1963 2257 prae-

134 2282 219 2330 ter
241 2284 485 2330 'externa
523 2276 720 2329 indicia
756 2276 814 2328 in
854 2275 1044 2347 primis
1082 2276 1346 2330 librorum
1382 2283 1574 2331 natura
1614 2284 1667 2328 et
1705 2276 1845 2329 ratio
1881 2293 1962 2328 re-

135 2365 414 2439 spicienda
431 2366 516 2421 sit.
555 2385 624 2420 ex
647 2367 817 2420 tribus
842 2374 1022 2419 autem
1048 2367 1369 2437 fragmentis
1402 2371 1477 2437 (p.
1497 2367 1619 2436 426,
1637 2367 1722 2420 21.
1745 2367 1963 2437 428‚22.

134 2456 382 2526 439,15)‚
420 2457 644 2527 quaein
683 2457 924 2510 secundo
941 2457 1226 2510 Diomedis
1262 2457 1400 2510 libro
1439 2458 1716 2527 leguntur,
1755 2457 1864 2510 duo
1897 2476 1966 2512 ex

137 2549 331 2604 eodem
364 2549 510 2601 fonte
550 2549 842 2603 fluxerunt,
876 2556 1037 2617 atque
1082 2548 1176 2603 illa
1218 2566 1354 2620 quae
1382 2545 1558 2620 'supra
1596 2549 1966 2614 tractauimuS,

140 2639 358 2693 tertium
402 2640 471 2693 ad
511 2640 708 2692 librum
748 2639 815 2691 de
854 2640 1210 2709 grammatica
1247 2641 1523 2712 pertinere
1562 2639 1706 2692 infra
1744 2639 1965 2692 demon-

139 2730 412 2787 strabitur.
479 2731 728 2800 alterum,
765 2731 832 2782 de
872 2748 976 2799 quo
1015 2730 1176 2783 modo
1216 2730 1398 2783 dicere
1437 2731 1609 2802 coepi,
1643 2731 1788 2801 apud
1827 2729 1966 2784 Cha-

137 2819 323 2877 risium
373 2839 588 2893 quoque
625 2841 677 2893 p.
702 2822 787 2889 50,
824 2822 892 2874 34
928 2822 1175 2875 Varrone
1212 2839 1323 2875 non
1361 2821 1693 2890 nominato¹)
1747 2822 1966 2891 legitur,

302 3064 345 3120 1)
378 3064 478 3108 Hoc
506 3065 692 3108 unicum
723 3065 911 3109 uidetur
941 3065 1254 3120 fragmentum
1283 3062 1407 3119 quod
1437 3078 1529 3106 non
1560 3063 1768 3105 Romano
1802 3062 1961 3105 debuit

137 3141 386 3196 Charisius.
426 3144 477 3186 in
510 3144 682 3188 codicis
725 3144 906 3200 quidem
941 3144 1188 3187 Bernensis
1227 3143 1312 3186 123
1344 3143 1419 3185 fol.
1440 3142 1495 3185 21
1530 3142 1761 3198 excerptis
1792 3141 1965 3198 legitur

138 3233 187 3270 ul
221 3226 558 3269 Comminianus
592 3226 698 3267 dicit
734 3234 907 3268 consta!
942 3241 1044 3281 erqo
1078 3227 1246 3268 lacinus
1280 3240 1435 3275 sermo,
1470 3221 1549 3264 sed
1584 3221 1695 3264 nihil
1731 3221 1835 3263 inde
1870 3219 1963 3262 effi-

137 3302 348 3350 ciendum
367 3318 466 3347 esse
487 3305 626 3349 docet
643 3304 870 3348 Hem-icus
887 3303 992 3346 Keil
1014 3302 1157 3359 praef.
1169 3317 1362 3359 gramm.
1378 3303 1455 3345 lat.
1472 3301 1595 3344 uol.l
1612 3317 1656 3356 p.
1670 3299 1962 3342 XXXXVIII.

103 3434 110 3439 η
140 3380 430 3427 Palaemonis
461 3384 617 3441 potius
654 3388 725 3428 est
755 3383 940 3426 initium
973 3383 1135 3438 eapitis
1152 3383 1235 3425 XV
1269 3382 1420 3436 (Char.
1445 3397 1487 3438 p.
1502 3382 1593 3435 50),
1630 3380 1683 3423 cf.
1705 3380 1759 3423 A.
1782 3379 1961 3422 Schott-

137 3461 330 3511 mueller
364 3462 421 3507 de
455 3464 501 3508 C.
534 3464 653 3507 Plini
684 3463 884 3508 Secundi
913 3463 1044 3506 libris
1076 3478 1269 3519 gramm.
1302 3463 1321 3508 I
1355 3461 1486 3518 p.20.
1528 3460 1600 3504 W.
1622 3459 1773 3503 Christ
1804 3459 1963 3515 philol.

137 3539 287 3586 XVIII
322 3555 366 3598 p.
386 3541 485 3586 124.
548 3543 788 3588 muenchn.
827 3542 914 3600 gel.
953 3557 1052 3586 aaz.
1085 3542 1201 3587 1859
1231 3557 1276 3599 p.
1301 3542 1402 3585 220.
