<?xml version="1.0" encoding="UTF-8"?>
<!DOCTYPE html PUBLIC "-//W3C//DTD XHTML 1.0 Transitional//EN"
    "http://www.w3.org/TR/xhtml1/DTD/xhtml1-transitional.dtd">
<html xmlns="http://www.w3.org/1999/xhtml" xml:lang="en" lang="en">
 <head>
  <title>
</title>
<meta http-equiv="Content-Type" content="text/html;charset=utf-8" />
  <meta name='ocr-system' content='tesseract 3.04.00' />
  <meta name='ocr-capabilities' content='ocr_page ocr_carea ocr_par ocr_line ocrx_word'/>
</head>
<body>
  <div class='ocr_page' id='page_1' title='image "./demterentivarron00wilmuoft_0051.png"; bbox 0 0 2294 4062; ppageno 0'>
   <div class='ocr_carea' id='block_1_1' title="bbox 963 285 1029 333">
    <p class='ocr_par' dir='ltr' id='par_1_1' title="bbox 963 285 1029 333">
     <span class='ocr_line' id='line_1_1' title="bbox 963 285 1029 333; baseline 0.015 -1"><span class='ocrx_word' id='word_1_1' title='bbox 963 285 1029 333; x_wconf 84' lang='lat'><strong>39</strong></span> 
     </span>
    </p>
   </div>
   <div class='ocr_carea' id='block_1_2' title="bbox 0 432 1911 504">
    <p class='ocr_par' dir='ltr' id='par_1_2' title="bbox 0 432 1911 504">
     <span class='ocr_line' id='line_1_2' title="bbox 0 432 1911 504; baseline -0.001 -17"><span class='ocrx_word' id='word_1_2' title='bbox 0 432 4 435; x_wconf 33' lang='lat'>⁵</span> <span class='ocrx_word' id='word_1_3' title='bbox 87 434 245 487; x_wconf 79' lang='lat' dir='ltr'><strong>uelut</strong></span> <span class='ocrx_word' id='word_1_4' title='bbox 278 433 399 487; x_wconf 84' lang='lat' dir='ltr'>libri</span> <span class='ocrx_word' id='word_1_5' title='bbox 441 433 581 486; x_wconf 80' lang='lat' dir='ltr'><strong>sexti</strong></span> <span class='ocrx_word' id='word_1_6' title='bbox 615 433 704 500; x_wconf 85' lang='lat'><strong>(86</strong></span> <span class='ocrx_word' id='word_1_7' title='bbox 734 452 786 504; x_wconf 91' lang='lat' dir='ltr'><strong>p.</strong></span> <span class='ocrx_word' id='word_1_8' title='bbox 807 432 910 484; x_wconf 79' lang='lat'><strong>262</strong></span> <span class='ocrx_word' id='word_1_9' title='bbox 938 433 1042 502; x_wconf 90' lang='lat' dir='ltr'><strong>sq.)</strong></span> <span class='ocrx_word' id='word_1_10' title='bbox 1079 432 1257 484; x_wconf 86' lang='lat' dir='ltr'><strong>locum</strong></span> <span class='ocrx_word' id='word_1_11' title='bbox 1302 432 1370 484; x_wconf 91' lang='lat' dir='ltr'><strong>de</strong></span> <span class='ocrx_word' id='word_1_12' title='bbox 1406 432 1598 485; x_wconf 89' lang='lat' dir='ltr'><strong>tabulis</strong></span> <span class='ocrx_word' id='word_1_13' title='bbox 1636 433 1911 497; x_wconf 78' lang='lat' dir='ltr'><strong>censoriiS‚</strong></span> 
     </span>
    </p>
   </div>
   <div class='ocr_carea' id='block_1_3' title="bbox 85 523 1916 680">
    <p class='ocr_par' dir='ltr' id='par_1_3' title="bbox 85 523 1916 680">
     <span class='ocr_line' id='line_1_3' title="bbox 86 523 1916 595; baseline -0.001 -19"><span class='ocrx_word' id='word_1_14' title='bbox 86 541 247 594; x_wconf 76' lang='lat' dir='ltr'><strong>quem</strong></span> <span class='ocrx_word' id='word_1_15' title='bbox 298 523 374 577; x_wconf 90' lang='lat' dir='ltr'><strong>ibi</strong></span> <span class='ocrx_word' id='word_1_16' title='bbox 427 524 662 595; x_wconf 90' lang='lat' dir='ltr'><strong>positum</strong></span> <span class='ocrx_word' id='word_1_17' title='bbox 710 523 994 591; x_wconf 81' lang='lat' dir='ltr'><strong>mirabere,</strong></span> <span class='ocrx_word' id='word_1_18' title='bbox 1049 541 1079 576; x_wconf 87' lang='lat' dir='ltr'><strong>e</strong></span> <span class='ocrx_word' id='word_1_19' title='bbox 1129 523 1269 576; x_wconf 88' lang='lat' dir='ltr'><strong>libro</strong></span> <span class='ocrx_word' id='word_1_20' title='bbox 1319 523 1697 591; x_wconf 84' lang='lat' dir='ltr'><strong>antiquitatum</strong></span> <span class='ocrx_word' id='word_1_21' title='bbox 1734 523 1916 574; x_wconf 90' lang='lat' dir='ltr'><strong>huma-</strong></span> 
     </span>
     <span class='ocr_line' id='line_1_4' title="bbox 85 606 1916 680; baseline 0.001 -21"><span class='ocrx_word' id='word_1_22' title='bbox 85 625 277 660; x_wconf 69' lang='lat' dir='ltr'><strong>narum</strong></span> <span class='ocrx_word' id='word_1_23' title='bbox 295 606 405 660; x_wconf 90' lang='lat' dir='ltr'><strong>XX</strong></span> <span class='ocrx_word' id='word_1_24' title='bbox 443 609 823 680; x_wconf 85' lang='lat' dir='ltr'><strong>transcriptum</strong></span> <span class='ocrx_word' id='word_1_25' title='bbox 862 627 980 664; x_wconf 87' lang='lat' dir='ltr'><strong>esse</strong></span> <span class='ocrx_word' id='word_1_26' title='bbox 1018 627 1048 662; x_wconf 88' lang='lat' dir='ltr'><strong>e</strong></span> <span class='ocrx_word' id='word_1_27' title='bbox 1072 609 1218 663; x_wconf 91' lang='lat' dir='ltr'><strong>Noni</strong></span> <span class='ocrx_word' id='word_1_28' title='bbox 1244 609 1319 677; x_wconf 91' lang='lat' dir='ltr'><strong>(u.</strong></span> <span class='ocrx_word' id='word_1_29' title='bbox 1348 608 1603 661; x_wconf 88' lang='lat' dir='ltr'><strong>sortirent</strong></span> <span class='ocrx_word' id='word_1_30' title='bbox 1642 629 1692 680; x_wconf 90' lang='lat' dir='ltr'><strong>p.</strong></span> <span class='ocrx_word' id='word_1_31' title='bbox 1713 608 1813 660; x_wconf 82' lang='lat'><strong>471</strong></span> <span class='ocrx_word' id='word_1_32' title='bbox 1835 607 1916 676; x_wconf 88' lang='lat' dir='ltr'><strong>M)</strong></span> 
     </span>
    </p>
   </div>
   <div class='ocr_carea' id='block_1_4' title="bbox 19 697 1917 2953">
    <p class='ocr_par' dir='ltr' id='par_1_4' title="bbox 83 697 1917 1041">
     <span class='ocr_line' id='line_1_5' title="bbox 86 697 1917 771; baseline -0.001 -20"><span class='ocrx_word' id='word_1_33' title='bbox 86 697 392 751; x_wconf 79' lang='lat' dir='ltr'><strong>testimonio</strong></span> <span class='ocrx_word' id='word_1_34' title='bbox 429 699 523 767; x_wconf 88' lang='lat' dir='ltr'><strong>(cf.</strong></span> <span class='ocrx_word' id='word_1_35' title='bbox 546 699 638 752; x_wconf 92' lang='lat' dir='ltr'><strong>W.</strong></span> <span class='ocrx_word' id='word_1_36' title='bbox 671 698 855 753; x_wconf 85' lang='lat' dir='ltr'>Christ</span> <span class='ocrx_word' id='word_1_37' title='bbox 891 699 1077 771; x_wconf 90' lang='lat' dir='ltr'><strong>philol.</strong></span> <span class='ocrx_word' id='word_1_38' title='bbox 1115 700 1199 752; x_wconf 90' lang='lat' dir='ltr'><strong>XI</strong></span> <span class='ocrx_word' id='word_1_39' title='bbox 1237 719 1288 771; x_wconf 88' lang='lat' dir='ltr'><strong>p.</strong></span> <span class='ocrx_word' id='word_1_40' title='bbox 1318 699 1465 767; x_wconf 77' lang='lat'><strong>451),</strong></span> <span class='ocrx_word' id='word_1_41' title='bbox 1515 706 1569 751; x_wconf 91' lang='lat' dir='ltr'><strong>et</strong></span> <span class='ocrx_word' id='word_1_42' title='bbox 1603 717 1712 751; x_wconf 90' lang='lat' dir='ltr'><strong>non</strong></span> <span class='ocrx_word' id='word_1_43' title='bbox 1749 717 1917 770; x_wconf 89' lang='lat' dir='ltr'><strong>pauca</strong></span> 
     </span>
     <span class='ocr_line' id='line_1_6' title="bbox 86 786 1916 857; baseline 0 -17"><span class='ocrx_word' id='word_1_44' title='bbox 86 786 155 840; x_wconf 81' lang='lat' dir='ltr'><strong>de</strong></span> <span class='ocrx_word' id='word_1_45' title='bbox 193 787 387 841; x_wconf 90' lang='lat' dir='ltr'><strong>diebus</strong></span> <span class='ocrx_word' id='word_1_46' title='bbox 436 789 587 843; x_wconf 88' lang='lat' dir='ltr'><strong>festis</strong></span> <span class='ocrx_word' id='word_1_47' title='bbox 638 789 693 842; x_wconf 88' lang='lat' dir='ltr'><strong>in</strong></span> <span class='ocrx_word' id='word_1_48' title='bbox 747 789 941 843; x_wconf 91' lang='lat' dir='ltr'><strong>eodem</strong></span> <span class='ocrx_word' id='word_1_49' title='bbox 990 790 1131 844; x_wconf 89' lang='lat' dir='ltr'><strong>libro</strong></span> <span class='ocrx_word' id='word_1_50' title='bbox 1185 808 1255 842; x_wconf 82' lang='lat' dir='ltr'><strong>ex</strong></span> <span class='ocrx_word' id='word_1_51' title='bbox 1293 789 1499 842; x_wconf 89' lang='lat' dir='ltr'><strong>eisdem</strong></span> <span class='ocrx_word' id='word_1_52' title='bbox 1540 788 1916 857; x_wconf 86' lang='lat' dir='ltr'><strong>antiquitatum</strong></span> 
     </span>
     <span class='ocr_line' id='line_1_7' title="bbox 86 876 1915 952; baseline 0.001 -22"><span class='ocrx_word' id='word_1_53' title='bbox 86 876 261 946; x_wconf 82' lang='lat' dir='ltr'><strong>libris,</strong></span> <span class='ocrx_word' id='word_1_54' title='bbox 299 878 367 933; x_wconf 84' lang='lat' dir='ltr'><strong>ad</strong></span> <span class='ocrx_word' id='word_1_55' title='bbox 406 897 539 950; x_wconf 86' lang='lat' dir='ltr'><strong>quos</strong></span> <span class='ocrx_word' id='word_1_56' title='bbox 580 879 662 932; x_wconf 89' lang='lat' dir='ltr'><strong>bis</strong></span> <span class='ocrx_word' id='word_1_57' title='bbox 689 879 880 948; x_wconf 83' lang='lat' dir='ltr'><strong>(V113</strong></span> <span class='ocrx_word' id='word_1_58' title='bbox 906 900 957 952; x_wconf 91' lang='lat' dir='ltr'><strong>p.</strong></span> <span class='ocrx_word' id='word_1_59' title='bbox 982 879 1096 934; x_wconf 78' lang='lat'><strong>195.</strong></span> <span class='ocrx_word' id='word_1_60' title='bbox 1123 880 1186 934; x_wconf 82' lang='lat'><strong>18</strong></span> <span class='ocrx_word' id='word_1_61' title='bbox 1207 900 1258 951; x_wconf 88' lang='lat' dir='ltr'><strong>p.</strong></span> <span class='ocrx_word' id='word_1_62' title='bbox 1282 879 1408 948; x_wconf 76' lang='lat'>200)</span> <span class='ocrx_word' id='word_1_63' title='bbox 1434 879 1667 932; x_wconf 89' lang='lat' dir='ltr'><strong>lectores</strong></span> <span class='ocrx_word' id='word_1_64' title='bbox 1685 879 1915 949; x_wconf 84' lang='lat' dir='ltr'><strong>relegat,</strong></span> 
     </span>
     <span class='ocr_line' id='line_1_8' title="bbox 83 967 584 1041; baseline 0.002 -19"><span class='ocrx_word' id='word_1_65' title='bbox 83 967 308 1023; x_wconf 76' lang='lat' dir='ltr'><strong>fluxisse</strong></span> <span class='ocrx_word' id='word_1_66' title='bbox 345 969 584 1041; x_wconf 79' lang='lat' dir='ltr'><strong>adparet.</strong></span> 
     </span>
    </p>

    <p class='ocr_par' dir='ltr' id='par_1_5' title="bbox 19 1059 1914 2953">
     <span class='ocr_line' id='line_1_9' title="bbox 248 1059 1914 1133; baseline -0.001 -19"><span class='ocrx_word' id='word_1_67' title='bbox 248 1059 467 1114; x_wconf 77' lang='lat' dir='ltr'>Deinde</span> <span class='ocrx_word' id='word_1_68' title='bbox 507 1060 574 1115; x_wconf 90' lang='lat' dir='ltr'><strong>O.</strong></span> <span class='ocrx_word' id='word_1_69' title='bbox 613 1060 847 1114; x_wconf 77' lang='lat' dir='ltr'>Mueller</span> <span class='ocrx_word' id='word_1_70' title='bbox 897 1062 962 1115; x_wconf 89' lang='lat' dir='ltr'><strong>ad</strong></span> <span class='ocrx_word' id='word_1_71' title='bbox 1014 1061 1210 1114; x_wconf 88' lang='lat' dir='ltr'><strong>indicia</strong></span> <span class='ocrx_word' id='word_1_72' title='bbox 1259 1061 1457 1133; x_wconf 86' lang='lat' dir='ltr'><strong>partim</strong></span> <span class='ocrx_word' id='word_1_73' title='bbox 1501 1079 1531 1114; x_wconf 92' lang='lat' dir='ltr'><strong>e</strong></span> <span class='ocrx_word' id='word_1_74' title='bbox 1567 1068 1761 1113; x_wconf 86' lang='lat' dir='ltr'><strong>natura</strong></span> <span class='ocrx_word' id='word_1_75' title='bbox 1801 1079 1914 1113; x_wconf 90' lang='lat' dir='ltr'><strong>ora-</strong></span> 
     </span>
     <span class='ocr_line' id='line_1_10' title="bbox 85 1149 1914 1223; baseline 0 -20"><span class='ocrx_word' id='word_1_76' title='bbox 85 1149 245 1205; x_wconf 76' lang='lat' dir='ltr'><strong>tionis</strong></span> <span class='ocrx_word' id='word_1_77' title='bbox 283 1157 338 1203; x_wconf 86' lang='lat' dir='ltr'><strong>et</strong></span> <span class='ocrx_word' id='word_1_78' title='bbox 373 1151 743 1223; x_wconf 82' lang='lat' dir='ltr'><strong>expositionis,</strong></span> <span class='ocrx_word' id='word_1_79' title='bbox 782 1152 977 1223; x_wconf 87' lang='lat' dir='ltr'><strong>partim</strong></span> <span class='ocrx_word' id='word_1_80' title='bbox 1015 1171 1043 1204; x_wconf 89' lang='lat' dir='ltr'><strong>e</strong></span> <span class='ocrx_word' id='word_1_81' title='bbox 1081 1153 1243 1205; x_wconf 89' lang='lat' dir='ltr'><strong>rebus</strong></span> <span class='ocrx_word' id='word_1_82' title='bbox 1282 1152 1491 1204; x_wconf 89' lang='lat' dir='ltr'><strong>traditis</strong></span> <span class='ocrx_word' id='word_1_83' title='bbox 1522 1153 1683 1205; x_wconf 88' lang='lat' dir='ltr'><strong>ducta</strong></span> <span class='ocrx_word' id='word_1_84' title='bbox 1706 1151 1914 1204; x_wconf 82' lang='lat' dir='ltr'><strong>transit.</strong></span> 
     </span>
     <span class='ocr_line' id='line_1_11' title="bbox 81 1239 1914 1314; baseline -0.001 -19"><span class='ocrx_word' id='word_1_85' title='bbox 81 1239 209 1295; x_wconf 87' lang='lat' dir='ltr'><strong>Duo</strong></span> <span class='ocrx_word' id='word_1_86' title='bbox 248 1240 457 1295; x_wconf 82' lang='lat' dir='ltr'><strong>inuenit</strong></span> <span class='ocrx_word' id='word_1_87' title='bbox 500 1260 529 1294; x_wconf 92' lang='lat' dir='ltr'><strong>e</strong></span> <span class='ocrx_word' id='word_1_88' title='bbox 567 1243 729 1295; x_wconf 90' lang='lat' dir='ltr'><strong>rebus</strong></span> <span class='ocrx_word' id='word_1_89' title='bbox 767 1250 998 1313; x_wconf 88' lang='lat' dir='ltr'><strong>sumpta,</strong></span> <span class='ocrx_word' id='word_1_90' title='bbox 1052 1261 1280 1314; x_wconf 89' lang='lat' dir='ltr'><strong>quorum</strong></span> <span class='ocrx_word' id='word_1_91' title='bbox 1319 1245 1550 1295; x_wconf 86' lang='lat' dir='ltr'><strong>alterum</strong></span> <span class='ocrx_word' id='word_1_92' title='bbox 1587 1243 1788 1295; x_wconf 89' lang='lat' dir='ltr'><strong>nullius</strong></span> <span class='ocrx_word' id='word_1_93' title='bbox 1832 1249 1914 1294; x_wconf 88' lang='lat' dir='ltr'><strong>est</strong></span> 
     </span>
     <span class='ocr_line' id='line_1_12' title="bbox 83 1331 1914 1405; baseline -0.001 -19"><span class='ocrx_word' id='word_1_94' title='bbox 83 1331 360 1400; x_wconf 80' lang='lat' dir='ltr'><strong>momenti,</strong></span> <span class='ocrx_word' id='word_1_95' title='bbox 392 1332 623 1386; x_wconf 86' lang='lat' dir='ltr'><strong>alterum</strong></span> <span class='ocrx_word' id='word_1_96' title='bbox 664 1341 848 1387; x_wconf 87' lang='lat' dir='ltr'><strong>contra</strong></span> <span class='ocrx_word' id='word_1_97' title='bbox 887 1351 1008 1386; x_wconf 87' lang='lat' dir='ltr'><strong>eum</strong></span> <span class='ocrx_word' id='word_1_98' title='bbox 1051 1341 1274 1405; x_wconf 83' lang='lat' dir='ltr'><strong>pugnat.</strong></span> <span class='ocrx_word' id='word_1_99' title='bbox 1313 1334 1546 1405; x_wconf 88' lang='lat' dir='ltr'><strong>primum</strong></span> <span class='ocrx_word' id='word_1_100' title='bbox 1587 1333 1749 1400; x_wconf 84' lang='lat' dir='ltr'><strong>enim,</strong></span> <span class='ocrx_word' id='word_1_101' title='bbox 1789 1351 1914 1384; x_wconf 92' lang='lat' dir='ltr'><strong>cum</strong></span> 
     </span>
     <span class='ocr_line' id='line_1_13' title="bbox 82 1422 1914 1496; baseline -0.002 -18"><span class='ocrx_word' id='word_1_102' title='bbox 82 1422 225 1482; x_wconf 77' lang='lat' dir='ltr'><strong>inter</strong></span> <span class='ocrx_word' id='word_1_103' title='bbox 264 1441 452 1477; x_wconf 87' lang='lat' dir='ltr'><strong>omnes</strong></span> <span class='ocrx_word' id='word_1_104' title='bbox 503 1425 590 1495; x_wconf 88' lang='lat' dir='ltr'><strong>qui</strong></span> <span class='ocrx_word' id='word_1_105' title='bbox 641 1425 1117 1495; x_wconf 85' lang='lat' dir='ltr'><strong>grammaticorum</strong></span> <span class='ocrx_word' id='word_1_106' title='bbox 1167 1443 1488 1496; x_wconf 84' lang='lat' dir='ltr'><strong>gra-ecorum</strong></span> <span class='ocrx_word' id='word_1_107' title='bbox 1530 1433 1583 1477; x_wconf 89' lang='lat' dir='ltr'><strong>ct</strong></span> <span class='ocrx_word' id='word_1_108' title='bbox 1623 1425 1914 1476; x_wconf 86' lang='lat' dir='ltr'><strong>latinorum</strong></span> 
     </span>
     <span class='ocr_line' id='line_1_14' title="bbox 83 1511 1912 1587; baseline -0.001 -22"><span class='ocrx_word' id='word_1_109' title='bbox 83 1511 286 1582; x_wconf 81' lang='lat' dir='ltr'><strong>scripta</strong></span> <span class='ocrx_word' id='word_1_110' title='bbox 319 1521 605 1581; x_wconf 79' lang='lat' dir='ltr'>nonerunt,</span> <span class='ocrx_word' id='word_1_111' title='bbox 644 1531 800 1583; x_wconf 86' lang='lat' dir='ltr'><strong>quam</strong></span> <span class='ocrx_word' id='word_1_112' title='bbox 839 1532 1002 1587; x_wconf 85' lang='lat' dir='ltr'><strong>saepe</strong></span> <span class='ocrx_word' id='word_1_113' title='bbox 1038 1515 1229 1568; x_wconf 85' lang='lat' dir='ltr'><strong>cadem</strong></span> <span class='ocrx_word' id='word_1_114' title='bbox 1255 1522 1507 1586; x_wconf 84' lang='lat' dir='ltr'><strong>repetere</strong></span> <span class='ocrx_word' id='word_1_115' title='bbox 1532 1522 1584 1566; x_wconf 88' lang='lat' dir='ltr'><strong>et</strong></span> <span class='ocrx_word' id='word_1_116' title='bbox 1606 1514 1674 1567; x_wconf 89' lang='lat' dir='ltr'><strong>de</strong></span> <span class='ocrx_word' id='word_1_117' title='bbox 1707 1513 1912 1566; x_wconf 87' lang='lat' dir='ltr'><strong>eisdem</strong></span> 
     </span>
     <span class='ocr_line' id='line_1_15' title="bbox 84 1603 1911 1675; baseline -0.001 -20"><span class='ocrx_word' id='word_1_118' title='bbox 84 1603 227 1661; x_wconf 79' lang='lat' dir='ltr'><strong>inter</strong></span> <span class='ocrx_word' id='word_1_119' title='bbox 262 1620 323 1661; x_wconf 83' lang='lat' dir='ltr'><strong>se</strong></span> <span class='ocrx_word' id='word_1_120' title='bbox 359 1605 661 1675; x_wconf 85' lang='lat' dir='ltr'><strong>pugnantia</strong></span> <span class='ocrx_word' id='word_1_121' title='bbox 698 1605 938 1659; x_wconf 87' lang='lat' dir='ltr'><strong>scribere</strong></span> <span class='ocrx_word' id='word_1_122' title='bbox 975 1606 1200 1673; x_wconf 85' lang='lat' dir='ltr'><strong>soleant,</strong></span> <span class='ocrx_word' id='word_1_123' title='bbox 1240 1613 1451 1660; x_wconf 90' lang='lat' dir='ltr'><strong>constet</strong></span> <span class='ocrx_word' id='word_1_124' title='bbox 1496 1606 1588 1675; x_wconf 72' lang='lat' dir='ltr'><strong>(cf.</strong></span> <span class='ocrx_word' id='word_1_125' title='bbox 1627 1605 1699 1659; x_wconf 90' lang='lat' dir='ltr'><strong>K.</strong></span> <span class='ocrx_word' id='word_1_126' title='bbox 1737 1605 1911 1658; x_wconf 85' lang='lat' dir='ltr'><strong>Lehrs</strong></span> 
     </span>
     <span class='ocr_line' id='line_1_16' title="bbox 79 1695 1910 1769; baseline 0.001 -21"><span class='ocrx_word' id='word_1_127' title='bbox 79 1712 204 1751; x_wconf 80' lang='lat' dir='ltr'><strong>nou.</strong></span> <span class='ocrx_word' id='word_1_128' title='bbox 246 1713 381 1749; x_wconf 74' lang='lat' dir='ltr'><strong>mus·</strong></span> <span class='ocrx_word' id='word_1_129' title='bbox 418 1695 520 1750; x_wconf 85' lang='lat' dir='ltr'><strong>Rh.</strong></span> <span class='ocrx_word' id='word_1_130' title='bbox 560 1699 623 1751; x_wconf 93' lang='lat' dir='ltr'><strong>II</strong></span> <span class='ocrx_word' id='word_1_131' title='bbox 659 1715 711 1768; x_wconf 90' lang='lat' dir='ltr'><strong>p.</strong></span> <span class='ocrx_word' id='word_1_132' title='bbox 738 1697 851 1749; x_wconf 82' lang='lat'><strong>119.</strong></span> <span class='ocrx_word' id='word_1_133' title='bbox 890 1697 1198 1750; x_wconf 88' lang='lat' dir='ltr'><strong>Herodiani</strong></span> <span class='ocrx_word' id='word_1_134' title='bbox 1233 1698 1436 1769; x_wconf 89' lang='lat' dir='ltr'><strong>scripta</strong></span> <span class='ocrx_word' id='word_1_135' title='bbox 1471 1696 1559 1750; x_wconf 88' lang='lat' dir='ltr'><strong>III</strong></span> <span class='ocrx_word' id='word_1_136' title='bbox 1594 1698 1767 1768; x_wconf 82' lang='lat' dir='ltr'><strong>p.417</strong></span> <span class='ocrx_word' id='word_1_137' title='bbox 1790 1702 1910 1768; x_wconf 79' lang='lat' dir='ltr'><strong>sq.),</strong></span> 
     </span>
     <span class='ocr_line' id='line_1_17' title="bbox 19 1785 1909 1861; baseline 0.001 -20"><span class='ocrx_word' id='word_1_138' title='bbox 19 1825 23 1827; x_wconf 15' lang='grc' dir='ltr'><strong>Α</strong></span> <span class='ocrx_word' id='word_1_139' title='bbox 82 1785 209 1841; x_wconf 62' lang='lat' dir='ltr'><strong>talia</strong></span> <span class='ocrx_word' id='word_1_140' title='bbox 255 1786 383 1841; x_wconf 84' lang='lat' dir='ltr'><strong>inde</strong></span> <span class='ocrx_word' id='word_1_141' title='bbox 425 1788 500 1858; x_wconf 92' lang='lat' dir='ltr'><strong>(p.</strong></span> <span class='ocrx_word' id='word_1_142' title='bbox 520 1787 654 1852; x_wconf 92' lang='lat' dir='ltr'><strong>VII)</strong></span> <span class='ocrx_word' id='word_1_143' title='bbox 709 1788 855 1842; x_wconf 86' lang='lat' dir='ltr'><strong>effici</strong></span> <span class='ocrx_word' id='word_1_144' title='bbox 908 1807 1018 1842; x_wconf 88' lang='lat' dir='ltr'><strong>non</strong></span> <span class='ocrx_word' id='word_1_145' title='bbox 1070 1797 1312 1861; x_wconf 83' lang='lat' dir='ltr'><strong>possunt.</strong></span> <span class='ocrx_word' id='word_1_146' title='bbox 1385 1790 1640 1842; x_wconf 88' lang='lat' dir='ltr'><strong>Alterum</strong></span> <span class='ocrx_word' id='word_1_147' title='bbox 1693 1808 1722 1842; x_wconf 93' lang='lat' dir='ltr'><strong>e</strong></span> <span class='ocrx_word' id='word_1_148' title='bbox 1775 1798 1909 1842; x_wconf 89' lang='lat' dir='ltr'><strong>tem-</strong></span> 
     </span>
     <span class='ocr_line' id='line_1_18' title="bbox 80 1878 1913 1956; baseline 0.001 -25"><span class='ocrx_word' id='word_1_149' title='bbox 80 1896 274 1950; x_wconf 86' lang='lat' dir='ltr'><strong>porum</strong></span> <span class='ocrx_word' id='word_1_150' title='bbox 319 1878 618 1956; x_wconf 81' lang='lat' dir='ltr'><strong>rationibus</strong></span> <span class='ocrx_word' id='word_1_151' title='bbox 667 1878 890 1932; x_wconf 88' lang='lat' dir='ltr'><strong>ductum</strong></span> <span class='ocrx_word' id='word_1_152' title='bbox 944 1886 1040 1932; x_wconf 83' lang='lat' dir='ltr'><strong>est.</strong></span> <span class='ocrx_word' id='word_1_153' title='bbox 1115 1899 1238 1933; x_wconf 88' lang='lat' dir='ltr'><strong>cum</strong></span> <span class='ocrx_word' id='word_1_154' title='bbox 1275 1898 1303 1932; x_wconf 89' lang='lat' dir='ltr'><strong>e</strong></span> <span class='ocrx_word' id='word_1_155' title='bbox 1339 1880 1539 1933; x_wconf 85' lang='lat' dir='ltr'><strong>mensis</strong></span> <span class='ocrx_word' id='word_1_156' title='bbox 1577 1880 1913 1933; x_wconf 86' lang='lat' dir='ltr'><strong>intercalaris</strong></span> 
     </span>
     <span class='ocr_line' id='line_1_19' title="bbox 82 1967 1912 2040; baseline 0.002 -21"><span class='ocrx_word' id='word_1_157' title='bbox 82 1967 189 2036; x_wconf 71' lang='lat' dir='ltr'><strong>(VI</strong></span> <span class='ocrx_word' id='word_1_158' title='bbox 232 1968 294 2020; x_wconf 82' lang='lat'><strong>13</strong></span> <span class='ocrx_word' id='word_1_159' title='bbox 338 1987 391 2040; x_wconf 90' lang='lat' dir='ltr'><strong>p.</strong></span> <span class='ocrx_word' id='word_1_160' title='bbox 421 1970 543 2036; x_wconf 81' lang='lat'>195)</span> <span class='ocrx_word' id='word_1_161' title='bbox 600 1970 874 2023; x_wconf 88' lang='lat' dir='ltr'><strong>mentione</strong></span> <span class='ocrx_word' id='word_1_162' title='bbox 920 1970 1120 2023; x_wconf 89' lang='lat' dir='ltr'><strong>librum</strong></span> <span class='ocrx_word' id='word_1_163' title='bbox 1176 1978 1298 2023; x_wconf 87' lang='lat' dir='ltr'><strong>ante</strong></span> <span class='ocrx_word' id='word_1_164' title='bbox 1352 1971 1599 2025; x_wconf 80' lang='lat' dir='ltr'><strong>Caesaris</strong></span> <span class='ocrx_word' id='word_1_165' title='bbox 1653 1972 1912 2024; x_wconf 87' lang='lat' dir='ltr'><strong>fastorum</strong></span> 
     </span>
     <span class='ocr_line' id='line_1_20' title="bbox 82 2059 1913 2133; baseline 0.001 -21"><span class='ocrx_word' id='word_1_166' title='bbox 82 2059 519 2114; x_wconf 82' lang='lat' dir='ltr'><strong>emendationem</strong></span> <span class='ocrx_word' id='word_1_167' title='bbox 574 2061 833 2133; x_wconf 86' lang='lat' dir='ltr'><strong>scriptum</strong></span> <span class='ocrx_word' id='word_1_168' title='bbox 891 2079 1010 2115; x_wconf 89' lang='lat' dir='ltr'><strong>esse</strong></span> <span class='ocrx_word' id='word_1_169' title='bbox 1064 2061 1298 2130; x_wconf 87' lang='lat' dir='ltr'><strong>uideret,</strong></span> <span class='ocrx_word' id='word_1_170' title='bbox 1360 2062 1504 2130; x_wconf 90' lang='lat' dir='ltr'><strong>quod</strong></span> <span class='ocrx_word' id='word_1_171' title='bbox 1555 2062 1913 2133; x_wconf 89' lang='lat' dir='ltr'><strong>conprobauit</strong></span> 
     </span>
     <span class='ocr_line' id='line_1_21' title="bbox 83 2149 1913 2225; baseline -0.002 -19"><span class='ocrx_word' id='word_1_172' title='bbox 83 2149 185 2206; x_wconf 84' lang='lat' dir='ltr'><strong>Th.</strong></span> <span class='ocrx_word' id='word_1_173' title='bbox 237 2149 542 2205; x_wconf 86' lang='lat' dir='ltr'><strong>Mommsen</strong></span> <span class='ocrx_word' id='word_1_174' title='bbox 574 2152 642 2224; x_wconf 83' lang='lat'><strong>¹),</strong></span> <span class='ocrx_word' id='word_1_175' title='bbox 711 2171 1019 2225; x_wconf 85' lang='lat' dir='ltr'><strong>repugnare</strong></span> <span class='ocrx_word' id='word_1_176' title='bbox 1077 2152 1410 2206; x_wconf 83' lang='lat' dir='ltr'><strong>existimauit</strong></span> <span class='ocrx_word' id='word_1_177' title='bbox 1470 2153 1639 2206; x_wconf 87' lang='lat' dir='ltr'><strong>haece</strong></span> <span class='ocrx_word' id='word_1_178' title='bbox 1701 2152 1810 2215; x_wconf 87' lang='lat' dir='ltr'><strong>(VI</strong></span> <span class='ocrx_word' id='word_1_179' title='bbox 1845 2151 1913 2203; x_wconf 80' lang='lat'><strong>22</strong></span> 
     </span>
     <span class='ocr_line' id='line_1_22' title="bbox 83 2241 1910 2312; baseline 0.002 -18"><span class='ocrx_word' id='word_1_180' title='bbox 83 2260 135 2312; x_wconf 90' lang='lat' dir='ltr'><strong>p.</strong></span> <span class='ocrx_word' id='word_1_181' title='bbox 156 2241 309 2310; x_wconf 80' lang='lat'>204):</span> <span class='ocrx_word' id='word_1_182' title='bbox 367 2247 660 2298; x_wconf 73' lang='lat' dir='ltr'><strong>Saturnalia</strong></span> <span class='ocrx_word' id='word_1_183' title='bbox 711 2251 842 2299; x_wconf 76' lang='lat' dir='ltr'><strong>dicta</strong></span> <span class='ocrx_word' id='word_1_184' title='bbox 877 2251 937 2299; x_wconf 87' lang='lat' dir='ltr'><strong>ab</strong></span> <span class='ocrx_word' id='word_1_185' title='bbox 982 2250 1196 2299; x_wconf 72' lang='lat' dir='ltr'><strong>Saturno</strong></span> <span class='ocrx_word' id='word_1_186' title='bbox 1231 2251 1361 2311; x_wconf 78' lang='lat' dir='ltr'><strong>quod</strong></span> <span class='ocrx_word' id='word_1_187' title='bbox 1400 2264 1451 2298; x_wconf 81' lang='lat' dir='ltr'><strong>eo</strong></span> <span class='ocrx_word' id='word_1_188' title='bbox 1490 2249 1568 2298; x_wconf 82' lang='lat' dir='ltr'><strong>die</strong></span> <span class='ocrx_word' id='word_1_189' title='bbox 1600 2249 1756 2307; x_wconf 77' lang='lat' dir='ltr'><strong>feriae</strong></span> <span class='ocrx_word' id='word_1_190' title='bbox 1793 2252 1910 2305; x_wconf 70' lang='lat' dir='ltr'><strong>eiua,</strong></span> 
     </span>
     <span class='ocr_line' id='line_1_23' title="bbox 82 2334 1912 2405; baseline -0.001 -17"><span class='ocrx_word' id='word_1_191' title='bbox 82 2341 135 2389; x_wconf 71' lang='lat' dir='ltr'><strong>ut</strong></span> <span class='ocrx_word' id='word_1_192' title='bbox 173 2341 286 2398; x_wconf 69' lang='lat' dir='ltr'><strong>post</strong></span> <span class='ocrx_word' id='word_1_193' title='bbox 321 2339 450 2388; x_wconf 75' lang='lat' dir='ltr'><strong>diem</strong></span> <span class='ocrx_word' id='word_1_194' title='bbox 493 2342 689 2389; x_wconf 78' lang='lat' dir='ltr'><strong>tertium</strong></span> <span class='ocrx_word' id='word_1_195' title='bbox 723 2341 907 2401; x_wconf 65' lang='lat' dir='ltr'><strong>Opalia</strong></span> <span class='ocrx_word' id='word_1_196' title='bbox 942 2342 1078 2402; x_wconf 75' lang='lat' dir='ltr'><strong>Opis,</strong></span> <span class='ocrx_word' id='word_1_197' title='bbox 1134 2336 1279 2405; x_wconf 88' lang='lat' dir='ltr'><strong>quod</strong></span> <span class='ocrx_word' id='word_1_198' title='bbox 1316 2335 1623 2388; x_wconf 85' lang='lat' dir='ltr'><strong>Varronem</strong></span> <span class='ocrx_word' id='word_1_199' title='bbox 1663 2334 1912 2389; x_wconf 77' lang='lat' dir='ltr'><strong>Caesaris</strong></span> 
     </span>
     <span class='ocr_line' id='line_1_24' title="bbox 82 2422 1912 2498; baseline 0.001 -23"><span class='ocrx_word' id='word_1_200' title='bbox 82 2422 248 2476; x_wconf 84' lang='lat' dir='ltr'><strong>fastos</strong></span> <span class='ocrx_word' id='word_1_201' title='bbox 294 2430 536 2476; x_wconf 88' lang='lat' dir='ltr'><strong>secutum</strong></span> <span class='ocrx_word' id='word_1_202' title='bbox 583 2433 772 2496; x_wconf 86' lang='lat' dir='ltr'><strong>postea</strong></span> <span class='ocrx_word' id='word_1_203' title='bbox 829 2426 1179 2498; x_wconf 83' lang='lat' dir='ltr'><strong>disputationi</strong></span> <span class='ocrx_word' id='word_1_204' title='bbox 1233 2426 1507 2479; x_wconf 84' lang='lat' dir='ltr'><strong>addidisse</strong></span> <span class='ocrx_word' id='word_1_205' title='bbox 1557 2426 1782 2497; x_wconf 88' lang='lat' dir='ltr'><strong>putauit.</strong></span> <span class='ocrx_word' id='word_1_206' title='bbox 1857 2425 1912 2476; x_wconf 92' lang='lat' dir='ltr'><strong>in</strong></span> 
     </span>
     <span class='ocr_line' id='line_1_25' title="bbox 82 2516 1910 2588; baseline 0.001 -21"><span class='ocrx_word' id='word_1_207' title='bbox 82 2527 203 2584; x_wconf 84' lang='lat' dir='ltr'><strong>quo</strong></span> <span class='ocrx_word' id='word_1_208' title='bbox 227 2532 364 2568; x_wconf 84' lang='lat' dir='ltr'><strong>eum·</strong></span> <span class='ocrx_word' id='word_1_209' title='bbox 391 2533 498 2568; x_wconf 90' lang='lat' dir='ltr'><strong>non</strong></span> <span class='ocrx_word' id='word_1_210' title='bbox 537 2516 783 2585; x_wconf 81' lang='lat' dir='ltr'><strong>offendit,</strong></span> <span class='ocrx_word' id='word_1_211' title='bbox 833 2517 977 2588; x_wconf 92' lang='lat' dir='ltr'><strong>quod</strong></span> <span class='ocrx_word' id='word_1_212' title='bbox 1010 2517 1191 2570; x_wconf 87' lang='lat' dir='ltr'><strong>Varro</strong></span> <span class='ocrx_word' id='word_1_213' title='bbox 1235 2517 1326 2586; x_wconf 92' lang='lat' dir='ltr'><strong>qui</strong></span> <span class='ocrx_word' id='word_1_214' title='bbox 1366 2517 1529 2569; x_wconf 87' lang='lat' dir='ltr'><strong>etiam</strong></span> <span class='ocrx_word' id='word_1_215' title='bbox 1578 2517 1644 2568; x_wconf 89' lang='lat' dir='ltr'><strong>de</strong></span> <span class='ocrx_word' id='word_1_216' title='bbox 1685 2534 1744 2569; x_wconf 87' lang='lat' dir='ltr'><strong>re</strong></span> <span class='ocrx_word' id='word_1_217' title='bbox 1779 2524 1910 2569; x_wconf 88' lang='lat' dir='ltr'><strong>rust.</strong></span> 
     </span>
     <span class='ocr_line' id='line_1_26' title="bbox 81 2604 1908 2678; baseline 0 -19"><span class='ocrx_word' id='word_1_218' title='bbox 81 2604 219 2672; x_wconf 81' lang='lat'>128,</span> <span class='ocrx_word' id='word_1_219' title='bbox 254 2605 301 2672; x_wconf 90' lang='lat' dir='ltr'><strong>l,</strong></span> <span class='ocrx_word' id='word_1_220' title='bbox 355 2622 486 2675; x_wconf 90' lang='lat' dir='ltr'><strong>quos</strong></span> <span class='ocrx_word' id='word_1_221' title='bbox 538 2606 705 2660; x_wconf 86' lang='lat' dir='ltr'><strong>libros</strong></span> <span class='ocrx_word' id='word_1_222' title='bbox 754 2606 1211 2661; x_wconf 82' lang='lat' dir='ltr'><strong>eum&#39;DCCXVI</strong></span> <span class='ocrx_word' id='word_1_223' title='bbox 1260 2607 1351 2659; x_wconf 90' lang='lat' dir='ltr'><strong>uel</strong></span> <span class='ocrx_word' id='word_1_224' title='bbox 1400 2615 1588 2678; x_wconf 89' lang='lat' dir='ltr'><strong>postea</strong></span> <span class='ocrx_word' id='word_1_225' title='bbox 1628 2607 1908 2678; x_wconf 86' lang='lat' dir='ltr'><strong>scripsisse</strong></span> 
     </span>
     <span class='ocr_line' id='line_1_27' title="bbox 81 2695 1912 2768; baseline 0.002 -20"><span class='ocrx_word' id='word_1_226' title='bbox 81 2703 308 2765; x_wconf 84' lang='lat' dir='ltr'><strong>constat,</strong></span> <span class='ocrx_word' id='word_1_227' title='bbox 359 2695 428 2750; x_wconf 90' lang='lat' dir='ltr'><strong>de</strong></span> <span class='ocrx_word' id='word_1_228' title='bbox 475 2695 723 2750; x_wconf 85' lang='lat' dir='ltr'><strong>Caesaris</strong></span> <span class='ocrx_word' id='word_1_229' title='bbox 772 2698 921 2751; x_wconf 86' lang='lat' dir='ltr'><strong>fastis</strong></span> <span class='ocrx_word' id='word_1_230' title='bbox 964 2699 1192 2768; x_wconf 87' lang='lat' dir='ltr'><strong>loquens</strong></span> <span class='ocrx_word' id='word_1_231' title='bbox 1245 2698 1442 2751; x_wconf 80' lang='lat' dir='ltr'><strong>adiciat</strong></span> <span class='ocrx_word' id='word_1_232' title='bbox 1493 2705 1597 2752; x_wconf 79' lang='lat' dir='ltr'><strong>dies</strong></span> <span class='ocrx_word' id='word_1_233' title='bbox 1649 2705 1733 2764; x_wconf 74' lang='lat' dir='ltr'><strong>qui</strong></span> <span class='ocrx_word' id='word_1_234' title='bbox 1783 2718 1912 2751; x_wconf 74' lang='lat' dir='ltr'><strong>nunc</strong></span> 
     </span>
     <span class='ocr_line' id='line_1_28' title="bbox 76 2787 1910 2861; baseline -0.002 -19"><span class='ocrx_word' id='word_1_235' title='bbox 76 2796 191 2842; x_wconf 69' lang='lat' dir='ltr'><strong>sunt</strong></span> <span class='ocrx_word' id='word_1_236' title='bbox 226 2787 361 2841; x_wconf 88' lang='lat' dir='ltr'><strong>illud</strong></span> <span class='ocrx_word' id='word_1_237' title='bbox 401 2787 656 2842; x_wconf 88' lang='lat' dir='ltr'><strong>continuo</strong></span> <span class='ocrx_word' id='word_1_238' title='bbox 695 2797 818 2861; x_wconf 90' lang='lat' dir='ltr'><strong>post</strong></span> <span class='ocrx_word' id='word_1_239' title='bbox 850 2798 1126 2843; x_wconf 90' lang='lat' dir='ltr'><strong>correctos</strong></span> <span class='ocrx_word' id='word_1_240' title='bbox 1147 2790 1312 2843; x_wconf 86' lang='lat' dir='ltr'><strong>fastos</strong></span> <span class='ocrx_word' id='word_1_241' title='bbox 1342 2797 1448 2842; x_wconf 89' lang='lat' dir='ltr'><strong>tam</strong></span> <span class='ocrx_word' id='word_1_242' title='bbox 1479 2789 1627 2843; x_wconf 91' lang='lat' dir='ltr'><strong>nude</strong></span> <span class='ocrx_word' id='word_1_243' title='bbox 1653 2788 1910 2861; x_wconf 87' lang='lat' dir='ltr'><strong>posuerit.</strong></span> 
     </span>
     <span class='ocr_line' id='line_1_29' title="bbox 80 2876 1910 2953; baseline 0 -22"><span class='ocrx_word' id='word_1_244' title='bbox 80 2876 386 2932; x_wconf 79' lang='lat' dir='ltr'><strong>Saturnalia</strong></span> <span class='ocrx_word' id='word_1_245' title='bbox 424 2879 643 2950; x_wconf 89' lang='lat' dir='ltr'><strong>quidem</strong></span> <span class='ocrx_word' id='word_1_246' title='bbox 699 2889 752 2934; x_wconf 88' lang='lat' dir='ltr'><strong>et</strong></span> <span class='ocrx_word' id='word_1_247' title='bbox 792 2880 987 2952; x_wconf 86' lang='lat' dir='ltr'><strong>Opalia</strong></span> <span class='ocrx_word' id='word_1_248' title='bbox 1041 2882 1235 2934; x_wconf 89' lang='lat' dir='ltr'><strong>eodem</strong></span> <span class='ocrx_word' id='word_1_249' title='bbox 1291 2881 1377 2933; x_wconf 89' lang='lat' dir='ltr'><strong>die</strong></span> <span class='ocrx_word' id='word_1_250' title='bbox 1416 2880 1708 2953; x_wconf 85' lang='lat' dir='ltr'><strong>antiquitus</strong></span> <span class='ocrx_word' id='word_1_251' title='bbox 1745 2879 1910 2932; x_wconf 88' lang='lat' dir='ltr'><strong>fuisse</strong></span> 
     </span>
    </p>
   </div>
   <div class='ocr_carea' id='block_1_5' title="bbox 81 2996 400 3006">
    <p class='ocr_par' dir='ltr' id='par_1_6' title="bbox 81 2996 400 3006">
     <span class='ocr_line' id='line_1_30' title="bbox 81 2996 400 3006; baseline 0 1056"><span class='ocrx_word' id='word_1_252' title='bbox 81 2996 400 3006; x_wconf 95' lang='lat' dir='ltr'><strong> </strong></span> 
     </span>
    </p>
   </div>
   <div class='ocr_carea' id='block_1_6' title="bbox 79 3045 1911 3502">
    <p class='ocr_par' dir='ltr' id='par_1_7' title="bbox 79 3045 1911 3502">
     <span class='ocr_line' id='line_1_31' title="bbox 236 3045 1911 3105; baseline -0.001 -17"><span class='ocrx_word' id='word_1_253' title='bbox 236 3045 290 3100; x_wconf 10' lang='lat'><strong>¹1)</strong></span> <span class='ocrx_word' id='word_1_254' title='bbox 323 3047 443 3097; x_wconf 81' lang='lat' dir='ltr'><strong>Vsus</strong></span> <span class='ocrx_word' id='word_1_255' title='bbox 474 3050 544 3091; x_wconf 87' lang='lat' dir='ltr'><strong>est</strong></span> <span class='ocrx_word' id='word_1_256' title='bbox 577 3048 680 3092; x_wconf 82' lang='lat' dir='ltr'><strong>loco</strong></span> <span class='ocrx_word' id='word_1_257' title='bbox 713 3047 776 3092; x_wconf 90' lang='lat' dir='ltr'><strong>VI</strong></span> <span class='ocrx_word' id='word_1_258' title='bbox 791 3047 851 3091; x_wconf 82' lang='lat'><strong>20</strong></span> <span class='ocrx_word' id='word_1_259' title='bbox 881 3064 924 3105; x_wconf 89' lang='lat' dir='ltr'><strong>p.</strong></span> <span class='ocrx_word' id='word_1_260' title='bbox 946 3048 1032 3091; x_wconf 78' lang='lat'><strong>201</strong></span> <span class='ocrx_word' id='word_1_261' title='bbox 1067 3048 1225 3102; x_wconf 88' lang='lat' dir='ltr'><strong>(roem.</strong></span> <span class='ocrx_word' id='word_1_262' title='bbox 1254 3046 1459 3092; x_wconf 87' lang='lat' dir='ltr'><strong>chronol.</strong></span> <span class='ocrx_word' id='word_1_263' title='bbox 1478 3063 1522 3104; x_wconf 90' lang='lat' dir='ltr'><strong>p.</strong></span> <span class='ocrx_word' id='word_1_264' title='bbox 1543 3047 1645 3091; x_wconf 78' lang='lat'><strong>235.</strong></span> <span class='ocrx_word' id='word_1_265' title='bbox 1665 3062 1709 3103; x_wconf 86' lang='lat' dir='ltr'><strong>p.</strong></span> <span class='ocrx_word' id='word_1_266' title='bbox 1730 3046 1801 3100; x_wconf 90' lang='lat'><strong>16)</strong></span> <span class='ocrx_word' id='word_1_267' title='bbox 1833 3045 1911 3088; x_wconf 88' lang='lat' dir='ltr'><strong>ubi</strong></span> 
     </span>
     <span class='ocr_line' id='line_1_32' title="bbox 80 3124 1911 3186; baseline -0.002 -17"><span class='ocrx_word' id='word_1_268' title='bbox 80 3125 127 3170; x_wconf 89' lang='lat' dir='ltr'><strong>in</strong></span> <span class='ocrx_word' id='word_1_269' title='bbox 161 3126 320 3170; x_wconf 80' lang='lat' dir='ltr'><strong>codice</strong></span> <span class='ocrx_word' id='word_1_270' title='bbox 350 3126 532 3171; x_wconf 82' lang='lat' dir='ltr'><strong>Vinalia</strong></span> <span class='ocrx_word' id='word_1_271' title='bbox 562 3127 737 3172; x_wconf 86' lang='lat' dir='ltr'><strong>rustica</strong></span> <span class='ocrx_word' id='word_1_272' title='bbox 767 3145 808 3172; x_wconf 77' lang='grc' dir='ltr'><strong>α,</strong></span> <span class='ocrx_word' id='word_1_273' title='bbox 831 3131 869 3171; x_wconf 87' lang='lat' dir='ltr'><strong>d.</strong></span> <span class='ocrx_word' id='word_1_274' title='bbox 899 3131 989 3172; x_wconf 81' lang='lat' dir='ltr'><strong>XII</strong></span> <span class='ocrx_word' id='word_1_275' title='bbox 1018 3130 1107 3171; x_wconf 77' lang='lat' dir='ltr'><strong>kal.</strong></span> <span class='ocrx_word' id='word_1_276' title='bbox 1139 3130 1381 3186; x_wconf 83' lang='lat' dir='ltr'><strong>Septembr.</strong></span> <span class='ocrx_word' id='word_1_277' title='bbox 1418 3127 1493 3184; x_wconf 84' lang='lat' dir='ltr'><strong>agi</strong></span> <span class='ocrx_word' id='word_1_278' title='bbox 1526 3127 1757 3178; x_wconf 84' lang='lat' dir='ltr'><strong>dicuntur,</strong></span> <span class='ocrx_word' id='word_1_279' title='bbox 1789 3124 1911 3180; x_wconf 90' lang='lat' dir='ltr'><strong>quod</strong></span> 
     </span>
     <span class='ocr_line' id='line_1_33' title="bbox 79 3204 1910 3266; baseline -0.001 -17"><span class='ocrx_word' id='word_1_280' title='bbox 79 3204 200 3250; x_wconf 82' lang='lat' dir='ltr'><strong>male</strong></span> <span class='ocrx_word' id='word_1_281' title='bbox 230 3205 435 3253; x_wconf 83' lang='lat' dir='ltr'><strong>correxit</strong></span> <span class='ocrx_word' id='word_1_282' title='bbox 466 3207 754 3265; x_wconf 86' lang='lat' dir='ltr'><strong>Augustinus</strong></span> <span class='ocrx_word' id='word_1_283' title='bbox 792 3208 840 3251; x_wconf 91' lang='lat' dir='ltr'><strong>in</strong></span> <span class='ocrx_word' id='word_1_284' title='bbox 872 3226 912 3251; x_wconf 77' lang='lat' dir='ltr'><strong>a.</strong></span> <span class='ocrx_word' id='word_1_285' title='bbox 937 3210 975 3251; x_wconf 81' lang='lat' dir='ltr'><strong>d.</strong></span> <span class='ocrx_word' id='word_1_286' title='bbox 1011 3211 1150 3252; x_wconf 79' lang='lat' dir='ltr'><em>XIIII</em></span> <span class='ocrx_word' id='word_1_287' title='bbox 1184 3211 1272 3251; x_wconf 77' lang='lat' dir='ltr'><strong>hal.</strong></span> <span class='ocrx_word' id='word_1_288' title='bbox 1293 3212 1428 3266; x_wconf 64' lang='lat' dir='ltr'><strong>Sept„</strong></span> <span class='ocrx_word' id='word_1_289' title='bbox 1466 3207 1546 3262; x_wconf 91' lang='lat' dir='ltr'><strong>qui</strong></span> <span class='ocrx_word' id='word_1_290' title='bbox 1574 3207 1621 3249; x_wconf 90' lang='lat' dir='ltr'><strong>in</strong></span> <span class='ocrx_word' id='word_1_291' title='bbox 1651 3205 1784 3248; x_wconf 86' lang='lat' dir='ltr'><strong>fastis</strong></span> <span class='ocrx_word' id='word_1_292' title='bbox 1813 3219 1910 3248; x_wconf 90' lang='lat' dir='ltr'><strong>cor-</strong></span> 
     </span>
     <span class='ocr_line' id='line_1_34' title="bbox 79 3275 1908 3346; baseline -0.003 -16"><span class='ocrx_word' id='word_1_293' title='bbox 79 3275 220 3331; x_wconf 78' lang='lat' dir='ltr'><strong>rectis</strong></span> <span class='ocrx_word' id='word_1_294' title='bbox 251 3283 319 3330; x_wconf 85' lang='lat' dir='ltr'><strong>illi</strong></span> <span class='ocrx_word' id='word_1_295' title='bbox 350 3288 675 3346; x_wconf 87' lang='lat' dir='ltr'><strong>respondebat.</strong></span> <span class='ocrx_word' id='word_1_296' title='bbox 708 3288 829 3332; x_wconf 91' lang='lat' dir='ltr'><strong>idem</strong></span> <span class='ocrx_word' id='word_1_297' title='bbox 849 3301 1124 3344; x_wconf 87' lang='lat' dir='ltr'><strong>quamquam</strong></span> <span class='ocrx_word' id='word_1_298' title='bbox 1147 3288 1374 3332; x_wconf 85' lang='lat' dir='ltr'><strong>intellexit</strong></span> <span class='ocrx_word' id='word_1_299' title='bbox 1399 3287 1449 3330; x_wconf 88' lang='lat' dir='ltr'><strong>L.</strong></span> <span class='ocrx_word' id='word_1_300' title='bbox 1468 3286 1732 3330; x_wconf 82' lang='lat' dir='ltr'><strong>Pontedera</strong></span> <span class='ocrx_word' id='word_1_301' title='bbox 1766 3283 1908 3339; x_wconf 87' lang='lat' dir='ltr'><strong>antiq.</strong></span> 
     </span>
     <span class='ocr_line' id='line_1_35' title="bbox 79 3362 1908 3424; baseline -0.003 -13"><span class='ocrx_word' id='word_1_302' title='bbox 79 3365 327 3423; x_wconf 73' lang='lat' dir='ltr'><strong>lat-graec.</strong></span> <span class='ocrx_word' id='word_1_303' title='bbox 352 3367 502 3412; x_wconf 75' lang='lat' dir='ltr'><strong>enarr.</strong></span> <span class='ocrx_word' id='word_1_304' title='bbox 523 3383 567 3424; x_wconf 91' lang='lat' dir='ltr'><strong>p.</strong></span> <span class='ocrx_word' id='word_1_305' title='bbox 586 3367 674 3412; x_wconf 87' lang='lat'><strong>317</strong></span> <span class='ocrx_word' id='word_1_306' title='bbox 690 3368 826 3424; x_wconf 84' lang='lat' dir='ltr'><strong>nugis</strong></span> <span class='ocrx_word' id='word_1_307' title='bbox 858 3383 884 3411; x_wconf 88' lang='lat' dir='ltr'><strong>a</strong></span> <span class='ocrx_word' id='word_1_308' title='bbox 915 3382 1027 3411; x_wconf 89' lang='lat' dir='ltr'><strong>uero</strong></span> <span class='ocrx_word' id='word_1_309' title='bbox 1060 3367 1228 3412; x_wconf 89' lang='lat' dir='ltr'><strong>abduci</strong></span> <span class='ocrx_word' id='word_1_310' title='bbox 1259 3382 1306 3411; x_wconf 87' lang='lat' dir='ltr'><strong>se</strong></span> <span class='ocrx_word' id='word_1_311' title='bbox 1341 3381 1504 3424; x_wconf 85' lang='lat' dir='ltr'><strong>passus</strong></span> <span class='ocrx_word' id='word_1_312' title='bbox 1536 3369 1626 3420; x_wconf 82' lang='lat' dir='ltr'><strong>est3</strong></span> <span class='ocrx_word' id='word_1_313' title='bbox 1664 3363 1806 3406; x_wconf 88' lang='lat' dir='ltr'><strong>nihilo</strong></span> <span class='ocrx_word' id='word_1_314' title='bbox 1828 3362 1908 3406; x_wconf 90' lang='lat' dir='ltr'><strong>mi-</strong></span> 
     </span>
     <span class='ocr_line' id='line_1_36' title="bbox 80 3442 1902 3502; baseline -0.003 -12"><span class='ocrx_word' id='word_1_315' title='bbox 80 3458 166 3489; x_wconf 78' lang='lat' dir='ltr'><strong>nus</strong></span> <span class='ocrx_word' id='word_1_316' title='bbox 185 3447 434 3502; x_wconf 72' lang='lat' dir='ltr'><strong>&#39;praeclare</strong></span> <span class='ocrx_word' id='word_1_317' title='bbox 463 3461 567 3491; x_wconf 88' lang='lat' dir='ltr'><strong>eum</strong></span> <span class='ocrx_word' id='word_1_318' title='bbox 598 3462 695 3491; x_wconf 90' lang='lat' dir='ltr'><strong>rem</strong></span> <span class='ocrx_word' id='word_1_319' title='bbox 730 3447 1072 3492; x_wconf 84' lang='lat' dir='ltr'><strong>demonstrasse</strong></span> <span class='ocrx_word' id='word_1_320' title='bbox 1105 3447 1330 3492; x_wconf 87' lang='lat' dir='ltr'><strong>iudicauit</strong></span> <span class='ocrx_word' id='word_1_321' title='bbox 1366 3447 1398 3488; x_wconf 94' lang='lat' dir='ltr'><strong>I.</strong></span> <span class='ocrx_word' id='word_1_322' title='bbox 1433 3447 1485 3489; x_wconf 81' lang='lat' dir='ltr'><strong>G.</strong></span> <span class='ocrx_word' id='word_1_323' title='bbox 1518 3443 1771 3488; x_wconf 83' lang='lat' dir='ltr'><strong>Schneider</strong></span> <span class='ocrx_word' id='word_1_324' title='bbox 1802 3442 1902 3486; x_wconf 90' lang='lat' dir='ltr'><strong>uita</strong></span> 
     </span>
    </p>
   </div>
   <div class='ocr_carea' id='block_1_7' title="bbox 4 3519 1037 3583">
    <p class='ocr_par' dir='ltr' id='par_1_8' title="bbox 4 3519 1037 3583">
     <span class='ocr_line' id='line_1_37' title="bbox 4 3519 1037 3583; baseline 0.002 -13"><span class='ocrx_word' id='word_1_325' title='bbox 4 3519 17 3530; x_wconf 74' lang='grc'><strong><em>”</em></strong></span> <span class='ocrx_word' id='word_1_326' title='bbox 80 3525 212 3571; x_wconf 73' lang='lat' dir='ltr'><strong>Vm.</strong></span> <span class='ocrx_word' id='word_1_327' title='bbox 242 3525 293 3570; x_wconf 85' lang='lat' dir='ltr'><strong>in</strong></span> <span class='ocrx_word' id='word_1_328' title='bbox 320 3526 480 3583; x_wconf 66' lang='lat' dir='ltr'><strong>script.</strong></span> <span class='ocrx_word' id='word_1_329' title='bbox 513 3527 582 3571; x_wconf 85' lang='lat' dir='ltr'><strong>rei</strong></span> <span class='ocrx_word' id='word_1_330' title='bbox 611 3532 728 3572; x_wconf 88' lang='lat' dir='ltr'><strong>rust.</strong></span> <span class='ocrx_word' id='word_1_331' title='bbox 755 3528 777 3570; x_wconf 95' lang='lat' dir='ltr'><em>I</em></span> <span class='ocrx_word' id='word_1_332' title='bbox 798 3527 825 3570; x_wconf 79' lang='lat'>2</span> <span class='ocrx_word' id='word_1_333' title='bbox 867 3541 913 3583; x_wconf 87' lang='lat' dir='ltr'><strong>p.</strong></span> <span class='ocrx_word' id='word_1_334' title='bbox 935 3526 1037 3572; x_wconf 80' lang='lat'><strong>230.</strong></span> 
     </span>
    </p>
   </div>
  </div>
 </body>
</html>
