2366 4048
998 338 1061 385 83

108 485 310 540 minum
347 494 570 555 tantum,
603 504 740 556 quae
779 487 941 542 scribi
981 494 1161 559 potest
1198 485 1255 538 id
1294 494 1375 539 est
1407 497 1574 542 orator
1607 495 1741 542 uenit
1776 498 1820 542 et
1855 495 1938 543 do·

108 585 223 646 cuit,
274 585 328 630 et
379 577 518 630 dicta
557 577 840 630 articulata
889 577 1032 649 quod
1071 577 1302 630 articulo
1337 578 1451 643 [sic]
1493 578 1778 632 scribentis
1817 598 1938 633 con·

107 667 406 739 praehendi
453 669 642 739 possit.
716 670 943 722 confusa
995 675 1076 721 est
1123 685 1258 739 quae
1294 668 1455 721 scribi
1490 687 1600 721 non
1637 676 1833 739 potest,
1880 677 1939 722 ut

107 765 238 830 puta
285 758 437 811 uelut
485 758 669 810 ouium
714 758 938 826 balatuS,
994 758 1117 829 equi
1165 757 1422 825 hinnituS,
1474 758 1714 829 mugitus
1765 760 1937 828 bouis,

108 848 334 902 latratus
373 849 521 901 canis
563 857 615 900 et
657 856 854 917 cetera,
894 849 990 902 sed
1025 848 1305 901 articulata
1341 868 1468 918 uox,
1508 867 1831 921 quamquam
1872 851 1940 904 sit

109 938 324 1010 prolixa
363 938 551 1007 orati0,
591 939 821 991 soluitur
855 947 908 992 et
946 939 1072 992 facit
1107 957 1431 992 sermonem.
1505 939 1703 992 iterum
1738 958 1938 994 sermo-

107 1046 234 1092 nem
269 1028 435 1082 soluis
473 1037 525 1082 et
562 1029 688 1081 facit
722 1030 1005 1098 syllabam.
1068 1030 1110 1082 si
1144 1048 1275 1082 uero
1317 1030 1582 1100 syllabam
1619 1031 1815 1094 soluas,
1854 1049 1937 1084 re·

108 1124 292 1172 manet
326 1118 522 1186 littera,
559 1127 614 1170 et
650 1119 755 1171 iam
792 1138 901 1171 non
939 1119 1188 1191 procedit
1225 1120 1372 1172 ultra
1407 1119 1574 1188 (ultro
1613 1124 1736 1187 cod.)
1791 1139 1937 1175 reso-

107 1209 280 1264 lutio'.
320 1209 656 1279 singularum
686 1209 985 1261 litterarum
1011 1217 1335 1281 potestatem
1365 1230 1425 1263 ac
1444 1212 1939 1281 pronuntiationem

109 1299 415 1354 Varronem
457 1299 727 1352 subtiliter
767 1300 1069 1370 explicasse
1122 1300 1285 1352 credo
1341 1308 1394 1352 et
1447 1301 1573 1354 huic
1617 1314 1937 1373 argumento

106 1396 279 1442 totum
318 1389 518 1442 librum
556 1389 789 1442 dedisse.
829 1389 896 1442 de
919 1391 1071 1442 cuius
1094 1390 1473 1462 disputationis
1492 1391 1774 1461 relliquiis,
1801 1391 1938 1466 quae

108 1481 462 1554 probabiliter
496 1481 564 1533 ad
600 1481 747 1534 hunc
783 1482 962 1533 locum
1001 1481 1192 1534 referri
1232 1482 1438 1551 possint
1476 1481 1615 1535 infra
1644 1482 1836 1537 dicam.
1878 1486 1935 1538 in

106 1570 226 1635 aliis
281 1589 495 1642 quoque
546 1571 698 1623 libris
757 1589 865 1623 non
904 1589 1094 1641 pauca,
1153 1591 1287 1643 quae
1327 1573 1466 1624 bene
1519 1573 1626 1626 huc
1666 1574 1934 1643 quadrent

109 1661 389 1736 disputata
425 1680 542 1714 esse
577 1662 719 1715 infra
754 1663 1049 1734 adparebit.

223 1793 225 1795 ·
272 1753 486 1806 Li-bro
536 1753 840 1806 secundo
887 1754 1116 1805 alterum
1171 1753 1317 1825 quod
1365 1754 1421 1807 in
1467 1755 1753 1809 Diomedis
1795 1755 1933 1808 libro

110 1847 347 1900 secundo
371 1848 446 1919 (p.
470 1847 703 1916 428,22)
739 1846 941 1917 legitur
978 1846 1343 1916 fragmentum
1370 1847 1460 1913 (fr.
1479 1847 1573 1916 49)
1611 1846 1806 1915 tribuo,
1846 1847 1939 1899 mi-

111 1955 232 1990 sere
273 1945 597 2009 excerptum·
632 1955 702 1989 ex
742 1937 992 2006 longiore
1034 1935 1398 2008 disputatione
1440 1937 1520 1989 de
1549 1937 1761 1990 uariis
1800 1937 1937 2007 syl-

109 2028 416 2083 labarum
453 2027 857 2098 generibus.
914 2027 1050 2079 duae
1097 2027 1419 2097 praesertim
1457 2027 1656 2080 classes
1698 2027 1934 2080 discerni

109 2125 351 2190 possunt.
390 2137 515 2170 nam
553 2126 677 2170 sunt
729 2125 819 2169 aut
864 2117 1124 2170 barbarae
1173 2125 1263 2169 aut
1314 2118 1602 2188 graeculae
1650 2126 1744 2170 aut
1793 2117 1937 2190 quod

112 2208 316 2261 addere
349 2208 482 2261 licet
517 2208 734 2277 latinae,
774 2208 972 2260 deinde
1010 2207 1146 2260 aliae
1184 2225 1407 2278 asperae
1441 2208 1576 2260 aliae
1599 2209 1767 2276 leues,
1799 2208 1934 2260 aliae

22 2331 27 2334 -
113 2317 374 2371 procerae
397 2299 531 2350 aliae
570 2298 887 2366 retorridae,
927 2298 1062 2350 aliae
1100 2298 1268 2350 durae
1303 2298 1438 2350 aliae
1476 2298 1684 2352 molles,
1719 2298 1935 2369 singula

114 2390 247 2444 satis
279 2389 499 2461 copiose
538 2389 791 2461 persequi
832 2388 1078 2456 debebat,
1115 2388 1211 2440 uix
1247 2387 1392 2441 enim
1423 2388 1554 2458 quid
1575 2396 1857 2459 praeterea
1878 2389 1933 2441 in

110 2481 216 2533 hoe
236 2481 375 2533 libro
398 2480 707 2533 tractauerit
732 2479 996 2546 inuenieS,
1028 2498 1274 2548 quocum,
1313 2479 1357 2531 si
1395 2479 1451 2531 in
1484 2480 1586 2532 hoc
1608 2487 1931 2549 argumento

114 2571 403 2642 aequieuit,
458 2571 660 2640 optime
714 2570 970 2623 conuenit
1014 2571 1153 2624 liber
1203 2571 1390 2624 tertius
1433 2588 1592 2639 quem
1635 2570 1704 2622 de
1744 2569 1937 2642 spiritu

112 2670 338 2716 accentu
389 2661 728 2731 longitudine
777 2662 1110 2730 syllabarum
1158 2661 1322 2715 fuisse
1370 2661 1588 2714 scimus.
1643 2678 1822 2730 neque
1869 2679 1938 2714 ex

112 2754 323 2808 duobus
362 2752 700 2823 fragmentis,
740 2771 875 2822 quae
918 2752 1066 2807 Gelli
1118 2752 1433 2823 diligentiae
1482 2752 1744 2805 debemus
1783 2751 1935 2822 quid-

111 2863 271 2915 quam
313 2844 517 2916 conligi
556 2851 749 2915 potest,
785 2842 888 2897 nisi
925 2843 1069 2913 quod
1108 2844 1328 2896 uberius
1355 2844 1424 2897 de
1458 2842 1936 2916 praestantioribus

111 2935 298 2990 formis
335 2935 722 2988 uocabulorum
760 2934 940 3005 egisse
994 2943 1046 2987 et
1100 2935 1282 2988 multis
1323 2935 1591 3006 exemplis
1639 2952 1756 2987 rem
1810 2934 1937 2987 scri—

110 3027 323 3098 ptorem
359 3025 674 3079 inlustrasse
715 3026 1101 3079 demonstrant.
1175 3027 1345 3079 altero
1383 3027 1470 3093 (fr.
1499 3025 1591 3094 53)
1642 3031 1935 3079 aeditumum

110 3134 221 3170 non
273 3124 521 3181 aedituum
564 3117 797 3170 Varroni
854 3116 1122 3187 placuisse
1187 3116 1457 3185 discimus,
1513 3116 1638 3184 quia
1685 3123 1933 3168 ueterum

113 3207 402 3262 auctoritas
443 3208 582 3261 illud
619 3208 886 3278 exegerit,
921 3208 1152 3259 alterum
1201 3207 1287 3275 (fr.
1310 3207 1400 3276 54)
1451 3205 1693 3259 continet
1727 3206 1935 3258 bellum

109 3299 362 3370 aenigma
398 3299 467 3351 de
490 3298 765 3366 Termine,
801 3306 859 3350 ut
899 3298 1106 3350 dudum
1143 3298 1479 3350 intellectum
1520 3303 1616 3362 est,
1657 3294 1803 3365 quod
1832 3313 1936 3364 qua

111 3389 394 3464 occasione
422 3389 680 3442 adtulerit
703 3389 1012 3441 coniectura
1038 3388 1260 3457 adsequi
1285 3405 1514 3456 nequeo,
1552 3392 1935 3455 argumentum

112 3496 245 3533 uero
281 3479 404 3534 libri
442 3487 503 3531 ut
537 3487 724 3551 aperte
762 3477 906 3548 quod
945 3477 1250 3548 significaui
1290 3477 1482 3542 dicam,
1524 3475 1856 3543 syllabarum
1885 3480 1938 3525 et

111 3569 501 3624 uocabulorum
538 3589 672 3642 pura
696 3578 748 3622 ct
774 3568 1060 3622 emendata
1092 3587 1208 3640 pro
1226 3587 1309 3620 nu
1328 3567 1471 3619 ntia
1492 3566 1585 3618 tio
1629 3566 1723 3632 (cf.
1746 3564 1933 3633 Quint.
