2222 4056
1175 337 1238 382 96

306 483 586 550 Didgenes
623 483 657 534 l.
681 500 802 548 ss„
839 480 1030 550 partim
1064 480 1239 531 Varro
1279 479 1394 548 ipse
1431 478 1612 530 uerbis
1657 495 1792 549 quae
1832 496 1997 547 supra<
2032 493 2122 529 ex.-

312 573 475 641 cripsi
517 572 769 638 narratl).
821 570 1014 623 desunt
1052 577 1237 622 contra
1274 567 1451 621 omnia
1484 567 1717 636 uestigia
1756 567 1811 620 in
1849 567 1932 622 his
1971 567 2122 620 libris

306 669 485 731 partes
528 660 782 713 orationis
818 666 1070 711 tractatas
1110 676 1243 726 esse,
1286 656 1646 727 quas-stoicos
1671 655 1858 709 “eidem
1886 657 2006 709 loco
2033 655 2122 708 tri·

307 751 483 803 buisse
521 768 628 802 non
667 749 889 802 dubium
923 756 1018 802 est.
1054 748 1147 800 has
1170 755 1350 799 autem
1368 746 1672 798 Varronem
1695 745 1785 797 hic
1809 745 2121 815 neglexisse

304 850 453 913 pum,
506 840 628 910 quia
681 859 799 891 cum
836 839 1046 907 reliquo
1098 844 1417 907 argumento
1454 855 1564 889 non
1600 835 1727 889 satis
1765 842 1886 908 apte
1925 847 2121 890 conue-

303 931 420 983 nire
477 930 523 981 ei
574 930 914 996 uidebantur,
970 945 1198 998 eumque
1253 945 1340 979 eas
1391 927 1447 978 in
1487 926 1626 979 libro
1663 925 1731 978 de
1769 925 2121 996 grammatica

303 1022 614 1091 exposuisse
656 1019 834 1071 statim
870 1018 1191 1070 uidebimus·
1235 1025 1516 1089 praeterea
1541 1035 1672 1070 uero
1701 1017 1868 1069 libros
1905 1024 2118 1069 nostros

299 1111 366 1162 ad
405 1110 702 1162 rhetoricos
740 1109 911 1160 libros
949 1106 1082 1171 περὶ»
1109 1107 1296 1168 λέξεως
1334 1127 1502 1180 prope
1542 1107 1805 1160 accedere
1841 1106 2116 1160 nonnullis

297 1200 429 1252 locis
452 1199 648 1252 monui.
678 1198 767 1269 qui
787 1187 910 1250 libri
932 1199 1214 1268 perierunt
1235 1217 1434 1264 omnes,
1456 1199 1553 1252 sed
1575 1198 1758 1267 quales
1776 1196 1979 1252 fuerint
1996 1215 2118 1256 cum

298 1309 367 1342 ex
398 1291 520 1343 libri
540 1290 930 1361 Theophrastei
958 1288 1081 1355 περὶ
1109 1288 1295 1350 λέξεως
1326 1292 1646 1362 fragmentis
1667 1309 1803 1361 quae
1829 1289 2116 1362 conposuit

296 1380 440 1433 Max.
457 1380 702 1436 Schmidt
718 1380 753 1432 l.
776 1400 815 1433 s,
835 1380 871 1432 l.
892 1399 945 1450 p.
966 1380 1032 1433 37
1055 1400 1132 1452 sq.
1151 1380 1195 1446 ²)
1224 1381 1580 1452 intellegitur,
1619 1389 1731 1434 tum
1771 1399 1840 1434 ex
1862 1379 2118 1450 Dionysii

298 1471 759 1524 Halicarnasensis
803 1471 1046 1542 opusculi
1087 1471 1271 1524 eximii
1308 1472 1375 1524 de
1411 1471 1785 1543 conpositione
1820 1471 2115 1523 uerborum

297 1570 448 1632 parte
486 1562 722 1614 secunda
763 1561 836 1632 (p.
864 1561 1137 1614 112-286
1173 1562 1436 1631 Schaef.)‚
1491 1562 1548 1616 in
1597 1582 1702 1634 qua
1737 1560 2113 1631 Theophrasto

297 1660 350 1703 et
391 1652 738 1719 Aristoxen0‚
788 1670 816 1703 e
855 1652 1047 1720 quibus
1084 1653 1264 1706 Varro
1308 1671 1521 1725 quoque
1558 1653 1754 1720 hausit,
1808 1651 2148 1705 auctoribus·

297 1761 422 1794 usus
465 1742 673 1810 quaerit
707 1760 840 1811 quae
873 1743 1213 1814 potissimum
1253 1762 1414 1796 curae
1454 1761 1572 1797 esse
1622 1743 1854 1796 debeant
1888 1742 2118 1809 tqissoae-

300 1831 497 1899 λομένῳ
542 1829 633 1897 τὴν
670 1832 806 1893 λέξιν
840 1827 895 1882 εὖ
934 1832 1241 1884 συντιθέναι
1291 1835 1588 1906 eademque
1633 1835 1811 1887 omnia
1847 1831 2117 1900 tractauit,

300 1941 434 1992 quae
460 1925 531 1976 M.
553 1923 871 1976 Terentium
899 1932 1154 1979 tractasse
1193 1925 1445 1979 uidimus,
1485 1945 1644 1998 quam
1681 1933 1793 1979 arte
1830 1925 1888 1978 in
1922 1925 2023 1976 hac
2054 1941 2114 1976 re

297 2013 608 2066 coniunctae
658 2014 765 2066 sint
813 2015 1084 2068 rhetorica
1135 2023 1187 2067 et
1239 2017 1590 2087 grammatica
1624 2017 1697 2071 M.
1732 2015 1942 2069 Antoni
1981 2012 2114 2068 Gni-

296 2103 487 2174 phonis
539 2123 752 2176 quoque
804 2107 1161 2176 grammatici,
1219 2106 1498 2161 Ciceronis
1542 2106 1804 2178 magistri,
1858 2103 2112 2175 exemplo

295 2194 659 2262 confirmatur,
699 2194 766 2246 de
806 2212 909 2265 quo
934 2195 1226 2250 Suetonius
1260 2197 1351 2264 (de
1383 2216 1609 2268 gramm.
1648 2204 1702 2249 et
1737 2196 1874 2248 rhet.
1916 2195 1968 2259 7)
2000 2193 2112 2246 >‘do-

295 2284 405 2335 cuit
438 2284 629 2336 autcm’
672 2285 744 2336 ait
784 2287 854 2337 ‘et
901 2286 1244 2357 rhetoricam,
1299 2289 1374 2342 ita
1426 2296 1485 2341 ut
1539 2286 1779 2360 quotidie
1827 2290 2116 2356 praecepta

295 2376 634 2446 eloquentiae
685 2377 938 2447 traderet,
996 2379 1323 2433 declamaret
1375 2397 1506 2432 uero
1559 2376 1773 2432 nonnisi
1823 2372 2115 2430 nundinis'.

292 2467 510 2538 scripsit
543 2486 672 2520 uero
711 2475 848 2521 teste
901 2470 1066 2522 Ateio
1106 2471 1397 2540 Philologo
1419 2470 1557 2540 ,(ap.
1595 2469 1746 2525 Suet.
1781 2468 1817 2522 l.
1857 2465 1926 2534 S.)
1978 2462 2113 2517 nihil

291 2557 392 2609 nisi
431 2558 595 2611 libros
618 2558 676 2611 II
701 2559 768 2611 de
786 2560 953 2614 latino
981 2580 1228 2614 sermone
1254 2561 1346 2632 (cf.
1371 2562 1558 2630 Quint.
1581 2560 1702 2613 inst.
1726 2566 1859 2612 orat.
1880 2557 1911 2611 I
1933 2556 1984 2624 6,
2004 2553 2113 2622 23),

461 2755 507 2810 1)
542 2756 722 2800 Stoicos
757 2758 941 2812 quidem
973 2759 1132 2802 eadem
1163 2773 1252 2815 qua
1296 2759 1345 2802 in
1387 2759 1518 2802 libris
1563 2758 1620 2801 de
1649 2758 1808 2813 lingua
1836 2753 1983 2798 latina
2010 2765 2117 2798 eon—

293 2836 465 2880 stantia
510 2836 638 2891 sequi
678 2851 772 2880 non
818 2838 985 2893 potuit,
1031 2839 1136 2894 quia
1176 2839 1243 2882 ibi
1281 2838 1510 2895 principia
1539 2852 1726 2894 prorsus
1761 2833 1995 2892 generalia
2022 2837 2116 2878 tra-

289 2916 456 2959 ctanda
487 2919 631 2970 erant,
661 2916 735 2959 hie
768 2916 824 2960 de
856 2917 1106 2961 latinorum
1146 2919 1479 2962 uocabulorum
1511 2916 1888 2974 pronuntiatione
1918 2912 2115 2959 accenti-

290 2997 373 3039 bus
407 3010 442 3058 Ε.
480 3011 522 3051 q.
557 3010 590 3038 s.
620 2997 859 3052 agebatur.
2041 3040 2044 3042 .

453 3076 496 3128 2)
531 3076 766 3119 Posidonii
798 3091 980 3132 quoque
1013 3081 1116 3134 περὶ
1148 3079 1303 3126 λέξεως
1333 3072 1582 3134 εῑςαγωγήν
1601 3078 1674 3132 (cf.
1696 3077 1729 3120 I.
1748 3077 1872 3119 Bake
1895 3073 2112 3118 Posidon-

287 3155 436 3199 Rhod.
465 3155 546 3198 rel.
578 3170 622 3211 p.
644 3155 744 3199 233.
801 3155 846 3200 C.
867 3155 1167 3199 Wachsmuth
1205 3156 1363 3212 philol.
1396 3156 1502 3199 XVI
1534 3172 1576 3213 p.
1596 3155 1682 3199 649
1713 3171 1757 3199 n.
1775 3155 1820 3211 4)
1858 3153 2112 3198 Varronem

287 3234 481 3279 fortasse
509 3235 774 3279 adhibuisse
807 3219 944 3292 supra
975 3236 1173 3279 uidimus
1209 3252 1250 3293 p.
1278 3235 1344 3279 17.
1377 3236 1627 3292 Antipater
1659 3249 1840 3291 quoque
1872 3232 2111 3277 Tarsensis

288 3314 475 3371 scripsit
506 3318 610 3372 περὶ
640 3317 796 3364 λέξεως
828 3319 904 3359 καὶ
935 3318 1198 3375 λεγομένων
1230 3317 1400 3368 (Laert.
1434 3316 1568 3372 Diog.
1594 3315 1790 3370 V1158)‚
1830 3314 1911 3358 ubi
1957 3314 2113 3362 λέξεως

290 3395 388 3438 cod.
426 3395 644 3440 Arundel.
677 3399 724 3439 et
756 3400 877 3440 teste
892 3397 1239 3440 Wachsmuthio
1274 3397 1374 3440 cod.
1412 3397 1612 3439 Burbon.
1633 3395 1720 3440 253
1751 3399 1798 3438 et
1827 3394 1963 3439 Laur.
1993 3394 2107 3450 plut-

286 3475 496 3519 LXVIIII
524 3475 594 3520 13.
620 3476 692 3531 35,
735 3478 897 3526 λέξεων
940 3477 1041 3521 cod.
1072 3476 1208 3520 Laur.
1240 3478 1353 3533 plut.
1386 3475 1596 3519 LXVIIII
1623 3474 1696 3531 28,
1729 3474 1807 3530 qui
1837 3472 2007 3530 peioris
2041 3474 2111 3516 est

284 3559 436 3600 notae.
