2418 4048
1018 345 1081 392 63

129 507 393 544 consensu
428 488 742 542 Varronem
787 487 844 540 in
895 487 997 540 hac
1051 486 1225 540 libelli
1275 485 1529 542 Seruiani
1567 494 1723 559 parte
1767 486 1970 558 ubique

130 583 341 636 fontem
381 599 497 634 esse
539 579 711 632 uideS.
767 597 1058 632 numerum
1096 595 1229 631 uero
1267 576 1356 631 ΠΙ
1391 577 1722 632 Ritschelius
1763 584 1968 649 quaest.

131 674 292 727 Varr.
333 691 386 743 p.
409 671 478 724 20
503 692 581 743 sq.
621 670 690 724 ad
727 670 896 724 libros
933 668 1360 740 disciplinarum,
1403 687 1633 740 quorum
1671 667 1863 721 tertius
1901 667 1969 721 de

127 763 403 818 rhetorica
430 764 470 832 ¹)
533 770 648 815 erat
697 761 974 834 pertinere
1013 780 1122 814 non
1167 778 1328 833 posse
1371 759 1595 820 censuit,
1648 758 1831 829 itaque
1880 765 1973 812 aut

128 856 207 910 sie
242 853 635 924 corrigendum
668 860 728 905 ut
762 852 903 906 liber
935 851 1198 924 septimus
1235 851 1327 923 qui
1362 849 1620 904 musicam
1649 848 1972 905 tractauerit

129 952 184 998 et
220 944 338 999 sine
380 944 543 998 dubio
590 944 680 997 1110
720 943 990 997 indicatus
1037 943 1106 996 sit
1151 941 1423 997 efficiatur
1472 949 1564 995 aut
1613 940 1683 994 ad
1735 941 1969 994 alterum

127 1036 344 1090 titulum
399 1033 753 1089 referendum
805 1052 940 1090 esse.
1005 1033 1116 1086 VII
1163 1041 1344 1086 autem
1387 1051 1514 1086 cum
1561 1051 1671 1085 non
1712 1030 1870 1084 facile
1910 1031 1967 1084 in

128 1127 223 1182 ΙΙΙ
258 1132 653 1197 corrumpatur,
692 1125 921 1178 alterum
942 1124 1368 1197 praeferendum
1389 1131 1486 1177 est.
1524 1142 1629 1194 quo
1653 1121 1965 1177 testimonio

126 1217 338 1271 lubrico
376 1216 596 1288 quidem
635 1222 689 1268 et
718 1235 830 1282 non
866 1217 992 1270 satis
1033 1217 1190 1270 firmo
1227 1217 1402 1270 donec
1441 1217 1589 1270 idem
1621 1216 1969 1287 reliquorum

127 1307 393 1360 librorum
431 1314 754 1376 argumento
791 1307 1195 1362 confirmabitur
1232 1307 1507 1361 confidere
1538 1306 1715 1360 liceat.
1752 1313 1972 1377 praeter

130 1397 370 1454 Acronis
406 1398 576 1450 uerba
616 1417 741 1451 cum
779 1397 940 1453 Serui
981 1399 1322 1471 expositione
1360 1397 1746 1468 coniungenda
1779 1396 1968 1451 uiden-

131 1496 223 1542 tur
257 1505 397 1557 quae
431 1487 579 1540 idem
617 1486 844 1543 Seruius
884 1488 926 1541 si
970 1488 1191 1561 quidem
1228 1496 1310 1542 est
1347 1488 1496 1542 idem
1534 1488 1600 1542 ad
1622 1488 1796 1559 Verg.
1824 1490 1966 1542 Aen.

127 1578 271 1635 VIII
303 1578 406 1632 618
447 1577 539 1647 (fr.
579 1578 701 1649 60¹3)
761 1597 790 1632 e
827 1579 1080 1632 Varrone
1114 1579 1400 1651 adscripsit
1441 1579 1535 1650 (cf.
1575 1578 1968 1634 C.Bartholini

129 1671 198 1724 (10
251 1670 398 1725 tibiis
445 1677 554 1724 uet.
594 1689 646 1742 p.
679 1672 750 1726 54
779 1689 856 1740 sq.
930 1671 992 1724 R.
1030 1671 1352 1725 Volkmann
1408 1671 1476 1725 ad
1504 1672 1661 1725 ‚Plut.
1713 1670 1779 1725 (10
1829 1690 1965 1726 mus·

128 1780 182 1834 p.
207 1762 306 1816 142
331 1761 435 1834 sq.)
1142 1752 1145 1754 ’

292 1854 360 1906 In
395 1854 602 1908 tertio
634 1854 802 1926 igitur
838 1854 1019 1908 libro
1049 1855 1268 1908 easdem
1296 1872 1385 1908 res
1419 1853 1968 1927 perlustrauitVarro

130 1964 262 2018 quas
301 1952 461 1999 antea
495 1945 923 2017 Aristophanem
970 1946 1293 2016 Byzantium
1333 1946 1409 2017 (p.
1436 1945 1502 1998 12
1537 1945 1622 2000 ed.
1663 1945 1732 1999 A.
1758 1945 1970 2015 Nauck,

129 2037 198 2090 cf.
236 2034 297 2090 C.
322 2035 610 2108 Goettling
648 2037 802 2090 lehre
841 2055 889 2090 V.
929 2057 1036 2090 acc.
1078 2037 1128 2090 d.
1165 2057 1249 2109 gr.
1291 2056 1398 2107 spr.
1436 2057 1489 2109 p.
1513 2037 1578 2089 10
1601 2055 1680 2106 sq.
1718 2037 1788 2091 A.
1808 2037 1970 2090 Ross-

127 2127 271 2181 bach
312 2128 520 2199 griech.
558 2129 843 2200 rhythmik
880 2148 933 2200 p.
955 2129 1038 2182 33.
1082 2129 1145 2183 F.
1175 2129 1243 2183 A.
1266 2128 1432 2182 Wolf
1460 2129 1672 2201 proleg.
1710 2128 1778 2182 ad
1804 2128 1967 2183 Hom.

130 2217 540 2292 p.CCXV1HI
559 2220 663 2290 sq.)
705 2220 1041 2274 consociasse
1083 2219 1350 2273 Arcadius
1390 2238 1551 2290 quem
1587 2220 1776 2274 dicunt
1808 2227 1967 2273 testa-

132 2311 335 2382 tur·(p.
354 2311 457 2363 212
478 2311 708 2377 Schm.):
751 2310 911 2378 τρίχα
953 2309 1123 2376 τεμών
1158 2307 1248 2377 τὴν
1287 2308 1491 2377 κίνησιν
1527 2311 1620 2376 τῆς
1657 2312 1852 2379 φωνῆς,
1909 2307 1966 2360 τὸ

134 2398 346 2466 agra}
380 2399 630 2468 χρόνους,
670 2398 727 2452 τὸ
767 2400 821 2451 δὲ
863 2399 938 2459 εἰς
971 2398 1171 2462 τόνους,
1211 2397 1268 2450 τὸ
1312 2400 1369 2451 δὲ
1407 2399 1481 2459 εἷς
1507 2397 1630 2451 αὐτὸ
1652 2396 1709 2451 τὸ
1735 2401 1962 2466 πνεῦμα.

132 2488 224 2541 καί
265 2488 383 2552 τοὺς
428 2491 525 2557 μὲν
568 2491 796 2561 χρόνους
837 2495 942 2550 τοῖς
998 2488 1229 2560 ῥυθμοῖς
1279 2487 1464 2561 ᾔκασε,
1525 2488 1646 2552 τούς
1697 2491 1753 2542 δὲ
1792 2490 1973 2550 τόνους

131 2586 241 2645 τοῖς
278 2581 446 2646 τόνοις
479 2586 569 2651 τῆς
605 2585 866 2651 μουσικῆς
907 2584 1293 2655 (cfiTheodos.
1324 2604 1376 2658 p.
1398 2584 1516 2650 204,
1545 2584 1576 2636 6
1606 2581 1856 2653 Goettl.).
1890 2601 1974 2636 ac-

132 2683 321 2731 centus
358 2676 527 2749 igitur
566 2676 825 2730 musicam
865 2683 1112 2731 nataram
1151 2676 1581 2748 Aristophanem
1621 2675 1972 2748 reliquosque

133 2785 268 2837 quos
310 2787 476 2840 supra
512 2769 761 2823 recensui
800 2777 1017 2823 secutus
1056 2769 1284 2840 agnouit
1318 2786 1496 2838 nequ-e
1531 2768 1588 2821 in
1623 2767 1842 2839 legibus
1878 2784 1972 2838 ge-

92 2869 95 2871 ’
131 2859 408 2914 neralibus
442 2860 841 2931 inuestigandis
894 2879 951 2915 se
997 2860 1264 2915 continuit
1307 2860 1403 2913 secl
1443 2859 1605 2913 etiam
1642 2879 1802 2912 usum
1847 2877 1972 2930 pro-

132 2949 407 3004 sodiarum
455 2951 512 3005 in
569 2952 801 3023 singulis
841 2953 1236 3006 uocabulorum
1287 2951 1584 3023 generibus
1637 2969 1760 3004 eum
1801 2947 1971 3020 expli-

132 3039 313 3095 cuisse
349 3040 501 3097 Gelli
535 3042 688 3096 locus
729 3043 818 3113 (fr.
837 3042 927 3113 61)
964 3062 995 3095 a
1031 3062 1137 3115 quo
1177 3062 1331 3098 orsus
1372 3061 1491 3096 sum
1531 3041 1783 3097 ostendit.
1824 3039 1969 3110 quod

227 3305 229 3310 .
304 3271 352 3329 1)
383 3271 440 3316 In
469 3273 579 3317 libri
609 3273 835 3319 rhetorici
865 3276 1000 3331 parte
1031 3272 1089 3317 de
1124 3273 1387 3318 elocutione
1437 3272 1511 3326 (cf.
1542 3271 1596 3315 L.
1630 3268 1831 3328 Spengel
1863 3283 1970 3313 nou.

132 3365 251 3398 mus.
272 3351 353 3402 rh.
381 3353 533 3398 XVIII
554 3369 598 3411 p.
617 3354 724 3411 492)
756 3354 895 3399 tibias
927 3354 1265 3398 conmemorari
1297 3367 1431 3411 posse
1463 3367 1557 3396 non
1578 3365 1767 3408 prorsus
1790 3364 1969 3407 negem.

76 3452 82 3459 ··
130 3432 248 3479 mad
289 3437 445 3480 autem
490 3435 617 3491 quod.
659 3436 718 3480 ad
758 3439 1026 3480 accuratam
1065 3434 1431 3491 disputationem
1471 3434 1653 3489 spectat
1679 3430 1728 3474 in
1757 3430 1879 3473 libro
1913 3429 1971 3473 de

132 3513 311 3559 musica
338 3513 481 3558 fuisse
513 3529 623 3560 sane
652 3516 801 3560 multo
831 3514 1054 3559 maiorem
1070 3515 1213 3559 habet
1228 3512 1625 3571 probabilitatem,
1660 3524 1802 3567 quare
1822 3513 1970 3554 trans-

133 3594 418 3652 positionem
447 3595 574 3640 illam
604 3596 814 3658 recipere
847 3611 942 3640 non
973 3595 1153 3640 dubito.
