2366 4048
1060 338 1123 385 75

179 490 295 536 erat
333 482 523 535 harum
563 501 745 536 rerum
780 482 1050 552 expositio
1077 481 1145 534 ad
1166 481 1445 550 utriusque
1466 480 1592 534 artis
1613 488 1856 534 auctores
1877 481 2005 534 inde

177 573 245 626 ab
294 590 358 625 eo
410 581 654 644 tempore
708 591 812 642 quo
866 572 1140 645 sophistae
1189 572 1404 641 utrique
1450 571 1772 625 studuerunt
1823 572 1919 636 (cf.
1961 571 2004 624 I.

180 660 406 716 Classen
447 662 515 715 de
554 681 781 732 gramm.
816 680 900 733 gr.
938 661 1197 733 primord.
1240 681 1289 732 p.
1321 661 1388 713 23
1409 678 1488 730 sq.
1538 660 1600 713 L.
1622 660 1870 732 Spengel
1907 669 2005 714 art.

179 752 364 824 script.
384 770 436 823 p.
458 753 525 805 39
546 756 671 822 sq.),
710 752 854 822 quod
890 761 1106 805 ueteres
1145 770 1360 821 quoque
1397 750 1783 822 grammaticos
1803 751 2008 805 Romae

180 841 377 896 fecisse
418 841 771 910 Suetonius¹)
815 850 1013 911 narrat,
1053 850 1106 894 ct
1147 859 1468 912 quamquam
1508 848 1696 913 postea
1732 841 2005 893 schemata

179 925 368 994 λέξεως
407 951 543 1005 quae
585 941 677 985 aut
709 933 776 985 ad
812 932 1227 1003 grammaticum
1274 939 1367 983 aut
1412 931 1480 984 ad
1517 932 1791 984 rhetorem
1838 931 2003 1002 perti-

177 1031 374 1078 nerent
410 1024 552 1076 inter
587 1042 644 1076 se
686 1023 1021 1093 distinguere
1058 1023 1348 1075 uoluerunt
1387 1022 1478 1092 (cf.
1516 1022 1700 1090 Quint.
1722 1021 1842 1075 inst.
1871 1030 2000 1074 orat.

177 1113 359 1168 VIIII
380 1114 432 1183 3,
455 1114 503 1166 2.
521 1114 719 1168 Donat.
741 1114 828 1167 III
847 1114 898 1182 5,
922 1115 944 1164 1
974 1132 1025 1184 p.
1049 1114 1180 1166 1773
1197 1114 1303 1182 R),
1323 1121 1502 1165 tamen
1523 1112 1739 1166 easdem
1768 1112 2002 1165 maxime

176 1204 378 1275 figuras
415 1204 560 1276 apud
598 1213 855 1273 utrosque
895 1211 1233 1256 enumeratas
1275 1204 1538 1256 inuenies
1595 1204 1660 1256 de
1699 1202 1889 1256 cadem
1926 1221 2004 1271 re,

176 1295 405 1347 uirtutes
444 1294 567 1348 dico
610 1302 664 1348 et
700 1295 831 1347 uitia
869 1294 1148 1361 sermoni8‚
1186 1294 1492 1347 Varronem
1531 1293 1736 1347 dixisse
1774 1293 2001 1347 Romani

176 1385 542 1439 testimonium
573 1385 793 1454 indicat,
833 1385 976 1457 quod
1005 1384 1294 1454 quomodo,
1332 1403 1653 1454 quamquam
1692 1384 1806 1436 sine
1837 1384 2002 1436 dubio

177 1475 347 1529 multo
379 1475 680 1549 simplicius
721 1485 777 1528 et
814 1475 1025 1529 doctius
1064 1494 1224 1547 quam
1264 1475 1611 1546 posteriores,
1669 1474 1725 1526 in
1775 1474 2006 1545 singulis

174 1565 468 1619 instituerit
502 1585 613 1620 non
646 1566 834 1635 liquet.
876 1567 999 1618 loco
1034 1573 1221 1618 nostro
1247 1565 1339 1633 (cf.
1361 1565 1569 1619 Ritschl
1590 1583 1806 1636 parerg.
1827 1563 2006 1617 Plaut.

174 1665 229 1709 et
265 1655 389 1710 Ter.
441 1657 471 1709 l
510 1675 563 1727 p.
597 1657 695 1708 194
731 1656 835 1726 sq.)
893 1655 1162 1710 Titinnius
1211 1655 1501 1710 Terentius
1554 1656 1689 1709 Atta
1743 1655 2005 1726 pulchrae

175 1744 459 1813 ἠθοποιίας
489 1748 582 1800 uel
605 1766 816 1800 morum
842 1746 1219 1818 descriptionis
1260 1766 1420 1800 causa
1454 1747 1758 1816 laudantur,
1789 1746 2003 1799 Trabea

173 1844 360 1891 eontra
398 1837 600 1892 Atilius
651 1837 921 1891 Caecilius
958 1837 1205 1890 adfectus
1250 1836 1407 1889 facile
1456 1855 1676 1891 mouere
1734 1837 2001 1905 dicuntur,

172 1945 614 1997 quarum-rerum
655 1928 924 1999 exempla,
978 1947 1008 1980 a
1042 1928 1293 1980 Varrone
1347 1935 1493 1981 certo
1536 1947 1646 1982 non
1697 1946 1862 2000 parce
1913 1926 2002 1979 ad-

172 2019 364 2090 posita,
402 2019 736 2090 paucissimis
779 2019 1025 2090 exceptis
1067 2018 1340 2073 Romanus
1378 2019 1470 2072 uel
1488 2019 1768 2074 Charisius
1808 2018 2000 2072 omisit.

174 2126 205 2161 e
250 2110 507 2164 Terentio
545 2110 686 2163 enim
728 2109 1015 2177 ἠθοποιίας
1055 2110 1303 2182 principe
1343 2112 1438 2180 (cf.
1462 2111 1620 2163 Varr.
1643 2110 1891 2163 Parmen.
1917 2128 2001 2179 ap.

172 2200 314 2254 Non.
338 2219 391 2253 u.
414 2219 642 2272 poscere
671 2221 721 2272 p.
739 2201 868 2270 374)
888 2201 1136 2254 adfectu‘s
1174 2202 1487 2273 exemplum
1523 2203 1817 2272 profertur,
1854 2199 2003 2269 quod

174 2309 244 2344 ex
279 2292 443 2345 meris
475 2292 962 2345 exclamationibus
998 2299 1222 2345 constat.
1264 2292 1414 2346 addit
1434 2292 1682 2365 scriptor,
1710 2292 1816 2346 tale
1839 2309 2003 2344 enun—

174 2381 379 2451 tiatum,
418 2398 742 2454 quamquam
781 2382 1174 2436 interiectionis
1225 2383 1491 2455 particula
1543 2382 1766 2450 desit‚2)
1824 2390 2002 2434 tamen

336 2598 382 2654 1)
418 2596 486 2642 De
517 2613 707 2656 gramm.
748 2602 794 2642 et
826 2599 946 2643 rhet.
977 2598 1026 2642 4:
1071 2601 1273 2643 ‘ueteres
1314 2600 1605 2657 grammatici
1638 2604 1686 2645 et
1713 2588 2002 2645 'rhetoricam

171 2677 403 2722 docebant
433 2693 486 2723 ac
516 2679 769 2723 multorum
801 2679 857 2722 de
887 2683 1082 2736 utraque
1115 2685 1214 2724 arte
1239 2681 1562 2725 commentarii
1586 2681 1810 2725 feruntur.
1844 2696 2003 2726 secun-

170 2757 280 2802 dum
312 2773 450 2814 quam
481 2759 861 2803 consuetudinem
905 2759 1189 2816 posteriores
1237 2776 1417 2818 quoque
1465 2761 1680 2805 existimo
1728 2775 2000 2817 quamquam

168 2837 260 2882 iam
291 2838 504 2884 discretis
536 2839 900 2897 professionibus
932 2841 1075 2884 nihilo
1106 2841 1256 2885 minus
1280 2843 1354 2885 uel
1376 2842 1623 2886 retinuisse
1644 2843 1719 2885 uel
1743 2842 2000 2886 instituisse

170 2921 218 2962 et
239 2917 371 2975 ‘ipsos
388 2919 612 2975 quaedam
643 2934 815 2977 genera
844 2921 1187 2964 institutionum
1209 2922 1267 2965 ad
1290 2922 1602 2978 eloquentiam
1618 2923 1998 2979 praeparandam,

169 3000 223 3041 ut
251 2998 541 3054 problemata
571 3000 867 3057 paraphrasis
900 3001 1204 3045 allocutiones
1237 3002 1587 3059 ethologias
1619 3006 1756 3059 atque
1789 3003 1879 3045 alia
1911 3001 1998 3045 hoc

170 3088 331 3135 genus,
363 3092 421 3122 ne
456 3079 634 3124 scilicet
661 3080 775 3124 sicci
805 3081 990 3124 omnino
1036 3086 1173 3137 atque
1216 3083 1334 3126 aridi
1376 3083 1509 3139 pueri
1548 3083 1811 3127 rhetoribus
1844 3082 1999 3125 trade-

170 3160 344 3201 rentur.
378 3171 494 3214 qnae
526 3159 713 3215 quidem
749 3160 904 3203 omitti
933 3160 1025 3204 iam
1055 3160 1186 3204 uides
1218 3161 1397 3205 desidia
1414 3162 1699 3218 quorundam
1725 3167 1771 3206 et
1789 3162 1997 3213 infantia,

168 3249 262 3281 non
307 3238 429 3282 enim
473 3238 659 3283 fastidio
701 3239 888 3296 putem'.
957 3244 1200 3299 etleoloyias
1234 3257 1318 3298 pro
1350 3243 1560 3287 codicum
1592 3245 1891 3299 aethioloye'us
1925 3242 1999 3284 uel

171 3320 437 3375 ethioloyias
459 3318 488 3362 i.
507 3333 545 3362 e.
567 3318 854 3375 aetiologias,
887 3319 1010 3374 quod
1041 3320 1242 3364 retinere
1274 3322 1374 3364 uolt
1397 3321 1469 3364 W.
1493 3321 1647 3364 Christ
1672 3320 1829 3377 philol.
1850 3319 1999 3363 XVIII

101 3437 107 3442 .
171 3388 333 3454 p.'161‚
366 3398 555 3455 scripsit
586 3399 855 3443 Beroaldus.

335 3476 396 3533 ⁴2)
427 3477 556 3523 Idem
588 3478 731 3523 habes
762 3480 884 3536 apud
903 3479 1192 3524 Macrobium
1223 3485 1397 3524 saturn.
1412 3480 1498 3522 1111
1515 3481 1556 3534 6,
1576 3479 1654 3523 17:
1692 3479 1998 3532 ‘exclamatio‚

175 3573 291 3616 qua-e
321 3559 445 3615 apud
469 3574 661 3616 graecos
693 3556 951 3618 ἓκφώνησις
970 3559 1156 3614 dicitur,
1182 3565 1338 3604 mouet
1356 3560 1534 3616 pathos.
1563 3559 1674 3604 haec
1690 3559 1744 3602 fit
1761 3559 1997 3603 interdum
