2372 4082
1161 389 1259 436 197

297 533 433 588 dicit
467 533 610 587 inter
645 534 983 604 rhythmum,
1022 533 1113 604 qui
1152 533 1318 587 latine
1355 551 1613 587 numerus
1651 535 1898 600 uocatur,
1939 537 1994 585 et
2025 548 2136 584 me-

294 632 441 679 trum
481 625 586 678 hoc
617 625 880 679 interesse
923 623 1071 695 quod
1106 624 1251 676 inter
1285 622 1570 676 materiam
1613 629 1668 675 et
1704 622 1971 694 regulam.

207 776 264 827 67
435 775 720 830 Clausulas
779 794 995 846 quoque
1051 775 1300 851 primum·
1343 774 1642 846 appellatas
1699 774 1921 843 dicunt,
1987 773 2133 845 quod

298 865 616 919 clauderent
654 865 994 933 sententiam,
1028 871 1089 918 ut
1124 865 1267 937 apud
1306 863 1548 918 Attium:
1592 865 1677 917 ‘an
1714 864 1848 918 haec
1893 864 2001 917 iam
2042 864 2135 918 ob-

234 961 263 1006 5
296 955 378 1009 liti
417 964 540 1015 sunt
569 955 782 1026 Bruges
798 956 860 1010 P’.
896 959 1303 1027 nonnumquam
1323 955 1390 1008 ab
1411 954 1495 1009 his
1530 954 1745 1007 initium
1783 954 1860 1023 fit,
1898 962 1959 1007 ut
1992 953 2138 1026 apud

223 1101 228 1107 ,
296 1045 623 1100 Caecilium:
661 1046 732 1099 ‘di
772 1045 899 1100 boni
942 1045 1071 1117 quid
1094 1045 1289 1114 -hocP’,
1331 1045 1475 1116 apud
1522 1045 1868 1099 Terentium:
1908 1045 2132 1100 ‘discru-

296 1135 409 1190 cior
445 1136 644 1190 animi’.

297 1270 428 1314 Char.
450 1283 496 1326 p.
513 1268 616 1323 289,
637 1267 716 1312 15:
747 1267 862 1311 nihil
894 1269 965 1311 est
985 1266 1110 1310 inter
1140 1266 1391 1323 rhythmon
1423 1270 1471 1311 et
1498 1269 1684 1310 metron
1713 1266 1807 1310 nisi
1836 1265 1959 1323 quod
1978 1267 2135 1324 rhyth-

292 1343 392 1375 mos
425 1331 497 1372 est
525 1331 726 1372 metrum
760 1327 920 1380 fluens,
952 1330 1134 1369 metron
1167 1329 1323 1370 autem
1353 1326 1416 1370 sit
1445 1325 1686 1381 rhythmos
1720 1327 1916 1370 clausus
1975 1326 2136 1384 Augu-

296 1387 406 1432 stin.
441 1386 498 1430 de
529 1401 643 1430 mus.
674 1386 717 1430 V
747 1386 786 1439 1,
820 1386 860 1428 1.
891 1385 913 1427 I
943 1399 987 1441 p.
1011 1384 1098 1428 617
1131 1385 1202 1427 ed.
1234 1399 1393 1442 congr.
1426 1384 1469 1428 S.
1502 1384 1677 1443 Mauri:
1723 1385 1951 1428 interesse
1993 1387 2134 1430 anim-

295 1447 601 1492 aduerterunt
629 1444 753 1488 inter
782 1443 1047 1500 rhythmum
1090 1446 1137 1486 et
1180 1447 1381 1487 metrum
1425 1443 1615 1499 aliquid,
1662 1445 1717 1487 ut
1758 1458 1893 1487 omne
1933 1448 2133 1489 metrum

293 1505 548 1562 rhythmuS,
578 1518 672 1548 non
703 1503 843 1547 etiam
874 1503 1022 1547 omnis
1056 1502 1297 1558 rhythmus
1328 1505 1531 1546 metrum
1561 1503 1634 1546 sit.
1682 1503 1832 1546 omnis
1865 1503 1988 1546 enim
2020 1504 2136 1561 legi-

294 1565 410 1609 tima
439 1563 612 1621 pedum
641 1563 867 1607 connexio
900 1576 1147 1606 numerosa
1180 1566 1265 1615 est,
1314 1576 1451 1619 quam
1493 1561 1712 1618 quoniam
1746 1565 1948 1606 metrum
1978 1563 2134 1617 habet,

295 1638 393 1669 non
423 1637 524 1668 esse
554 1636 774 1680 numerus
802 1622 930 1665 nullo
959 1620 1097 1665 modo
1131 1624 1304 1677 potest,
1333 1622 1384 1664 id
1415 1624 1488 1665 est
1516 1635 1612 1666 non
1642 1635 1741 1665 esse
1765 1621 2020 1676 rhythmus.
2052 1623 2135 1667 sed

297 1682 515 1739 quoniam
543 1697 638 1726 non
669 1685 741 1725 est
772 1681 908 1735 idem,
942 1680 1152 1736 quamuis
1183 1681 1405 1737 legitimis
1423 1681 1621 1737 pedibus
1652 1680 1780 1723 nullo
1812 1685 1969 1724 tamen
2001 1686 2133 1726 certo

296 1741 389 1787 fine
415 1741 645 1799 prouolui,
680 1744 727 1784 et
757 1740 871 1784 item
901 1739 1122 1796 legitimis
1153 1740 1378 1797 progredi
1409 1739 1607 1796 pedibus
1638 1739 1720 1783 sed
1737 1742 1867 1784 certo
1889 1738 1980 1783 fine
2004 1755 2133 1784 coer·

296 1801 406 1855 ceri,
451 1800 566 1844 haec
595 1800 687 1844 duo
718 1814 890 1856 genera
927 1799 1067 1842 etiam
1101 1800 1340 1843 uocabulis
1382 1798 1689 1843 discernenda
1722 1802 1873 1854 erant,
1917 1802 1970 1843 ut
2015 1799 2133 1844 illud

297 1859 506 1917 superius
541 1859 784 1915 rhythmus
810 1861 995 1902 tantum
1025 1858 1218 1914 proprio
1248 1858 1340 1902 iam
1374 1857 1576 1911 nomine,
1621 1857 1710 1901 hoc
1751 1860 1907 1901 autem
1936 1858 2134 1903 alterum

294 1918 364 1968 ita
391 1918 631 1975 rhythmus
661 1922 715 1962 ut
743 1920 944 1961 metrum
974 1917 1115 1960 etiam
1145 1920 1409 1963 uocaretur.
1443 1921 1500 1973 cs.
1531 1915 1644 1962 Atil.
1662 1916 1872 1963 Fortum.
1904 1917 2061 1975 p.337
2079 1918 2131 1963 G.

295 1993 342 2034 p.
361 1977 479 2024 2689
495 1977 547 2023 P.
609 1976 764 2032 Quint.
784 1977 913 2022 VIIII
943 1976 986 2030 4,
1019 1977 1092 2021 50.

459 2056 530 2102 67.
594 2055 748 2101 Rufin.
784 2070 948 2101 comm.
983 2054 1032 2098 in
1056 2056 1191 2098 metr.
1208 2052 1396 2098 Terent.
1414 2069 1458 2112 p.
1473 2054 1593 2100 2707
1607 2054 1655 2099 P.
1691 2053 1780 2099 379
1799 2054 1874 2099 G.:
1904 2054 2054 2102 Varro
2086 2057 2136 2101 in

292 2136 380 2183 VII
409 2137 474 2194 (in
505 2136 704 2194 septimo
740 2138 777 2180 A
811 2135 897 2179 VII
927 2136 1004 2189 B):
1056 2133 1360 2178 clausulas
1404 2147 1635 2191 quoque
1665 2168 1674 2179 .
1706 2171 1715 2181 .
1749 2169 1758 2180 .
1789 2134 2136 2195 discrucior

293 2195 498 2242 animi.
527 2196 651 2240 idem
666 2195 815 2240 Varro
845 2193 895 2237 in
925 2193 1089 2238 eodem
1116 2193 1238 2236 libro
1272 2192 1359 2236 VII
1396 2193 1454 2238 de
1484 2193 1645 2251 lingua
1673 2195 1822 2239 latina
1851 2195 1911 2239 ad
1938 2194 2135 2240 Marcel·

292 2255 388 2300 lum
421 2255 487 2300 sic
517 2254 634 2300 dicit
664 2269 702 2299 e.
737 2267 780 2310 q.
816 2268 848 2297 s.
883 2255 960 2309 (fr.
982 2253 1069 2308 73).
1131 2252 1247 2295 Mar.
1269 2252 1390 2296 Vict.
1409 2252 1430 2295 I
1449 2251 1520 2309 17,
1550 2254 1574 2296 1
1604 2269 1650 2311 p.
1669 2254 1789 2299 2503
1808 2255 1889 2299 P.:
1920 2269 2044 2298 nunc
2076 2253 2134 2299 de

294 2318 551 2358 metrorum
580 2316 721 2370 prout
749 2326 912 2357 uersus
940 2311 1225 2369 processerit
1252 2312 1546 2368 praescripto
1578 2317 1626 2357 et
1645 2314 1856 2370 legitimo
1887 2313 1979 2357 fine
2014 2314 2135 2358 clau-

296 2374 488 2430 sulaque
533 2372 754 2417 dicemus.
814 2386 923 2416 nam
965 2371 1162 2415 metrica
1190 2370 1295 2427 lege
1324 2370 1375 2414 in
1404 2370 1496 2414 fine
1533 2385 1754 2417 uersuum
1795 2372 2137 2429 quadripartita

296 2432 532 2482 conclusio
565 2435 651 2486 est,
694 2446 780 2489 per
820 2445 958 2487 quam
1003 2430 1155 2474 exitus
1199 2429 1341 2473 metri
1383 2433 1624 2487 statusque
1657 2431 1930 2487 dinoscitur,
1981 2436 2138 2476 utrum

295 2491 416 2549 pede
457 2505 538 2535 seu
569 2491 802 2548 semipede
834 2490 909 2534 uel
940 2489 1130 2546 dipodia
1162 2488 1225 2532 sit
1256 2489 1571 2533 terminatum.
1643 2491 1764 2536 hanc
1807 2490 1966 2548 graeci
2007 2486 2139 2534 zato}-

297 2552 418 2606 ληξιν
445 2552 632 2606 uocant,
666 2550 717 2593 id
745 2553 818 2593 est
850 2564 954 2593 cum
984 2549 1245 2606 legitimum
1274 2551 1475 2592 metrum
1507 2548 1556 2592 in
1573 2550 1758 2607 syzygia
1776 2550 2033 2605 simplicem
2059 2565 2137 2606 pe-

298 2608 418 2666 dem,
463 2609 512 2652 in
553 2608 834 2666 monopodia
868 2621 995 2664 uero,
1042 2607 1093 2651 id
1133 2611 1204 2651 est
1245 2607 1526 2664 inpsimplici
1558 2609 1678 2665 pede
1709 2610 1933 2665 syllabam
1962 2610 2131 2667 perdit.

297 2668 342 2712 Π
371 2668 414 2723 3,
445 2668 504 2713 38
534 2684 580 2726 p.
598 2669 717 2713 2524
733 2668 807 2711 P.:
857 2667 980 2723 quod
1023 2681 1135 2710 uero
1177 2665 1238 2710 ad
1278 2665 1502 2711 clausulas
1548 2667 1596 2710 id
1642 2671 1714 2712 est
1743 2669 2000 2714 minuscula
2033 2669 2135 2713 cola

295 2727 516 2785 pertinet,
548 2731 663 2784 quot
696 2741 869 2785 genera
898 2740 1116 2770 uersuum
1147 2728 1268 2781 sunt,
1289 2726 1488 2770 totidem
1508 2740 1667 2770 eorum
1687 2729 1893 2772 membra
1909 2743 1994 2784 pro
2014 2728 2134 2772 clau-

297 2786 407 2830 sulis
439 2787 551 2844 poni
581 2789 776 2843 possunt
806 2789 853 2829 et
890 2785 991 2842 (scr.
1013 2786 1098 2841 set)
1134 2785 1283 2828 solent
1328 2784 1378 2827 in
1414 2785 1607 2829 canticis
1637 2788 1785 2844 magis
1817 2801 1954 2843 quam
1982 2791 2030 2831 in
2068 2787 2134 2831 di-

297 2846 486 2898 uerbiis,
529 2860 645 2902 quae
688 2860 745 2889 ex
779 2845 993 2888 trimetro
1034 2844 1181 2900 magis
1227 2844 1500 2900 subsistunt,
1547 2846 1767 2890 collocari
1806 2849 1853 2890 et
1884 2843 2134 2903 praecipue

297 2899 431 2962 apud
451 2904 668 2948 Plautum
704 2908 751 2948 et
765 2904 991 2948 Naeuium
1023 2909 1070 2947 et
1085 2903 1341 2946 Afranium.
1383 2918 1490 2947 nam
1519 2904 1569 2947 hi
1597 2906 1796 2949 maxime
1829 2920 1886 2949 ex
1918 2907 2133 2950 omnibus

296 2964 515 3008 membris
548 2978 766 3007 uersuum
800 2963 950 3022 [colis]
984 2963 1042 3007 ab
1073 2962 1144 3005 his
1177 2962 1401 3019 separatis
1428 2963 1626 3008 licenter
1653 2964 1726 3008 usi
1756 2964 2054 3022 reperiuntur
2084 2965 2134 3008 in

299 3023 527 3069 clausulis.
563 3026 803 3077 exscripsit
816 3026 1083 3066 Victorinum
1103 3025 1283 3077 Rufinus
1317 3039 1468 3066 comm.
1489 3027 1538 3066 in
1549 3033 1674 3068 metr.
1692 3027 1856 3068 Terent.
1889 3043 1930 3082 p.
1948 3029 2066 3070 2708
2084 3026 2131 3068 P.

297 3086 381 3128 381
409 3086 458 3126 G.
491 3081 550 3126 cf.
581 3081 704 3126 Fest.
735 3081 869 3125 Pauli
899 3097 943 3138 p.
959 3082 1037 3126 56:
1073 3081 1300 3136 Clausula,
1326 3095 1463 3138 quam
1493 3083 1650 3139 graeci
1682 3080 1870 3140 ἐπῳδὸν
1900 3086 2086 3140 uocant,
2104 3090 2131 3126 a

297 3140 431 3186 breui
462 3141 757 3186 conclusione
791 3146 862 3185 est
893 3141 1137 3197 appellata.

466 3271 494 3317 3
535 3267 584 3316 A
614 3283 677 3323 ,τε
720 3270 824 3318 cod.
860 3269 1123 3316 Parisinus
1139 3269 1273 3316 7496
1307 3280 1431 3315 saec.
1464 3266 1642 3315 VIIII
1662 3264 1750 3324 (cf.
1775 3266 1933 3316 Hertz
1957 3266 2126 3326 praef.

297 3338 457 3387 Prisc.
493 3351 543 3398 p.
567 3337 640 3399 X)
696 3339 746 3388 B
780 3355 851 3380 =
889 3337 992 3386 cod.
1032 3334 1294 3385 Parisinus
1328 3338 1460 3384 7501
1492 3350 1616 3384 saec.
1657 3335 1710 3382 X
1749 3335 1772 3391 ΙΙ
1810 3338 1841 3381 4
1876 3334 1996 3383 haec
2034 3337 2131 3397 iam

298 3406 418 3453 haec
465 3402 616 3456 deleto
662 3409 816 3456 altero
854 3406 974 3454 haec
1009 3404 1059 3453 A
1099 3409 1123 3463 Η
1166 3406 1194 3452 5
1233 3405 1423 3466 Bruges
1462 3405 1756 3453 Ritschelius
1789 3408 1958 3464 quaest
1987 3419 2128 3470 uarr.

295 3491 349 3536 p.
370 3478 437 3524 34
472 3475 691 3539 Phryges
716 3476 766 3526 A
803 3476 1051 3540 phyresB
1073 3470 1097 3539 Η
1119 3490 1469 3537 nonnunquam
1490 3474 1542 3522 B
1564 3475 1588 3530 ΙΙ
1615 3475 1643 3520 6
1684 3473 1904 3521 cecilium
1929 3471 2026 3530 ΒἸΙ
2052 3473 2130 3520 dei

300 3542 350 3592 A
387 3544 490 3593 dei·
534 3542 572 3604 (i
604 3548 664 3595 ab
703 3546 859 3595 altera
895 3560 1044 3593 manu
1085 3546 1140 3592 in
1186 3543 1286 3592 loco
1333 3555 1478 3591 eraso·
1518 3539 1635 3602 scr.)
1673 3541 1724 3590 B
1762 3538 1788 3608 Η
1829 3537 2129 3604 Terentium]

299 3613 397 3664 Ad.
436 3615 574 3664 IIII
600 3619 646 3673 4,
684 3621 712 3665 1
756 3609 782 3680 ΙΙ
825 3615 1087 3663 discrutior
1123 3615 1173 3661 B
1195 3611 1221 3670 11
1866 3626 1868 3629 ·
