2222 4056
1172 351 1268 395 142

311 499 437 568 quid
481 498 570 549 uel
624 494 851 548 sentitur
903 493 994 545 uel
1029 490 1366 560 intellegitur
1411 488 1501 539 uel
1551 488 1698 540 latet.
1780 489 1995 558 signum
2042 495 2122 541 est
2199 527 2206 534 2

312 587 454 659 quod
496 593 549 637 et
585 603 641 637 se
678 585 855 654 ipsum
891 580 1072 635 sensui
1109 587 1161 631 et
1183 584 1401 650 praeter
1426 594 1484 629 se
1506 576 1710 645 aliquid
1740 577 1918 630 animo
1949 584 2122 631 osten-

310 677 401 729 dit.
437 675 586 746 loqui
608 681 688 726 est
712 673 990 726 articulata
1012 687 1141 723 uoce
1168 669 1382 737 signum
1411 666 1556 718 dare.
1589 666 1924 719 articulatam
1943 674 2121 721 autem

311 767 429 818 dico
455 783 588 835 quae
610 761 993 834 comprehendi
1029 759 1224 812 litteris
1258 765 1451 829 potest.
1485 759 1492 822 Ι
1526 775 1683 810 omne
1707 758 1932 811 uerbum
1954 765 2121 811 sonat.

310 875 430 908 cum
471 854 615 907 enim
662 861 742 904 est
791 851 847 903 in
894 851 1094 920 scripto
1144 867 1253 900 non
1292 847 1520 899 uerbum
1570 846 1667 900 sed
1714 847 1870 900 uerbi
1908 847 2123 918 signum
2154 853 2182 897 5

314 952 409 996 est.
444 943 452 1009 Ι
498 943 593 996 sed
629 940 773 1010 quod
810 946 965 993 sonat
998 938 1133 991 nihil
1169 937 1237 989 ad
1277 937 1631 990 dialecticam.
1704 936 1771 990 de
1810 947 1940 993 sono
1983 938 2126 990 enim

307 1033 461 1086 uerbi
503 1032 697 1101 agitur,
756 1049 875 1081 cum
933 1028 1206 1097 quaeritur
1258 1028 1350 1080 uel
1404 1027 1849 1080 animaduertitur
1897 1027 2128 1099 qualiter

308 1123 575 1176 uocalium
598 1122 689 1173 uel
715 1118 1066 1190 dispositione
1094 1117 1325 1170 leniatur
1348 1118 1440 1170 uel
1475 1117 1831 1170 concursione
1870 1117 2128 1186 dehiscat,

308 1214 439 1266 item
488 1210 894 1264 consonantium
938 1209 1028 1261 uel
1067 1208 1479 1280 interpositione
1527 1208 1759 1261 nodetur
1796 1207 1886 1260 uel
1932 1225 2127 1278 conge-

307 1302 478 1355 stione
498 1309 778 1373 asperetur
799 1308 851 1352 et
873 1307 1002 1371 quot
1022 1299 1113 1352 uel
1134 1299 1379 1369 qualibus
1401 1299 1622 1369 syllabis
1645 1306 1870 1366 constet,
1890 1298 1982 1352 ubi
2003 1315 2127 1371 poe·
2162 1303 2219 1350 10

305 1395 442 1448 ticus
479 1392 766 1463 rhythmus
804 1397 1168 1459 accentusque
1196 1410 1226 1442 a
1257 1389 1620 1460 grammaticis
1651 1390 1886 1442 solarum
1919 1389 2128 1442 aurium

306 1491 597 1537 tractantur
618 1482 855 1552 negotia.
896 1488 950 1534 et
971 1487 1153 1533 tamen
1189 1500 1309 1533 cum
1347 1481 1413 1533 de
1451 1480 1535 1533 his
1575 1476 1879 1553 disputatur
1914 1486 2130 1553 praeter

308 1575 644 1628 dialecticam
668 1592 776 1625 non
815 1580 910 1626 est.
947 1572 1082 1624 haec
1119 1571 1262 1624 enim
1299 1571 1525 1625 scientia
1562 1571 1872 1644 disputandi
1891 1578 1987 1624 est.
2031 1569 2127 1624 sed

305 1732 419 1776 haec
450 1730 603 1774 omnia
634 1743 748 1786 quae
786 1728 975 1772 definita
1010 1732 1130 1779 sunt,
1171 1731 1329 1771 utrum
1368 1731 1496 1772 recte
1536 1726 1727 1772 definita
1759 1727 1853 1772 sint
1893 1730 1943 1771 et
1970 1731 2127 1772 ‘utrum

302 1791 525 1835 hactenus
571 1791 716 1833 uerba
745 1787 1024 1832 definitionis
1065 1788 1166 1831 aliis
1210 1787 1554 1831 definitionibus
1594 1786 1912 1844 persequenda
1939 1786 2126 1838 fuerint,

305 1850 382 1894 ille
412 1849 638 1893 indicabit
670 1849 814 1900 locuS‚
858 1861 947 1904 quo
993 1846 1243 1890 definiendi
1274 1847 1519 1904 disciplina
1549 1849 1793 1890 tractatur.
1834 1861 1973 1891 -nunc
2003 1846 2127 1902 quod

303 1909 448 1952 instat
493 1908 650 1965 accipe
684 1907 907 1951 intentus.
975 1920 1137 1949 omne
1169 1907 1413 1949 uerbum
1444 1939 1453 1949 .
1476 1935 1515 1950 -..
1545 1906 1779 1963 signum
1807 1911 1908 1949 est.
1957 1906 2126 1962 quippe

304 1967 527 2024 inspectis
544 1982 570 2011 a
600 1967 785 2023 legente
815 1964 985 2009 litteris
1009 1964 1214 2010 occurrit
1245 1964 1396 2008 animo
1429 1965 1538 2021 quid
1559 1979 1674 2009 uoce
1694 1967 1980 2021 prorumpat.
2017 1963 2128 2020 quid

306 2028 428 2070 enim
462 2027 588 2070 aliud
617 2026 803 2069 litterae
835 2024 1034 2081 scriptae
1067 2039 1203 2080 quam
1234 2038 1282 2068 se
1312 2024 1435 2080 ipsas
1470 2024 1632 2078 oculis,
1673 2027 1860 2080 praeter
1901 2034 1948 2068 se
1988 2031 2125 2067 uoces

304 2087 456 2130 animo
500 2085 785 2130 ostendunt?
817 2087 865 2127 et
894 2083 1029 2140 paulo
1065 2087 1173 2127 ante
1203 2083 1399 2127 diximus
1433 2083 1615 2140 signum
1646 2095 1744 2127 esse
1767 2076 1891 2138 quod
1909 2097 1957 2126 se
1974 2082 2126 2139 ipsum

304 2145 458 2189 sensui
487 2149 533 2189 et
561 2147 746 2202 praeter
779 2157 826 2187 se
845 2143 1017 2198 aliquid
1051 2143 1204 2187 animo
1237 2142 1457 2187 ostendit.
1489 2157 1606 2198 quae
1637 2142 1831 2199 legimus
1860 2141 2006 2199 igitur
2033 2155 2127 2185 non

303 2206 448 2249 uerba
491 2209 597 2248 sunt
643 2203 724 2247 sed
756 2203 887 2259 signa
916 2203 1179 2246 uerborum.
1239 2202 1320 2245 sed
1348 2205 1414 2256 ut,
1447 2202 1547 2258 ipsa
1580 2202 1740 2246 littera
1783 2213 1888 2246 cum
1921 2201 1983 2244 sit
2016 2211 2126 2257 pars

302 2264 493 2308 minima
508 2263 634 2307 uocis
652 2263 938 2315 articulatae,
973 2262 1206 2306 abutimur
1225 2264 1381 2305 tamen
1397 2261 1484 2305 hoc
1500 2262 1742 2319 uocabulo,
1763 2259 1846 2319 [et]
1861 2263 1913 2304 ut
1927 2260 2126 2321 appelle-

305 2338 405 2367 mus
447 2323 655 2366 litteram
693 2322 832 2365 etiam
863 2335 967 2365 cum
999 2321 1220 2378 scriptam
1250 2320 1476 2373 uidemus,
1527 2320 1733 2376 quamuis
1768 2319 1952 2364 omnino
1983 2319 2126 2364 tacita

306 2383 367 2427 sit
397 2397 544 2438 neque
575 2382 668 2425 ulla
696 2396 805 2438 pars
836 2380 964 2424 uocis
996 2377 1076 2424 sed
1108 2381 1289 2438 signum
1319 2380 1468 2436 partis
1488 2380 1616 2424 uocis
1639 2383 1874 2436 appareat,
1905 2379 1972 2423 ita.
1987 2378 2126 2423 etiam

306 2442 499 2485 uerbum
531 2441 794 2498 appellatur
826 2453 928 2484 cum
965 2439 1191 2497 scriptum
1224 2441 1309 2493 est,
1357 2439 1565 2495 quamuis
1597 2439 1729 2483 uerbi
1759 2438 1943 2496 signum
1975 2438 2025 2482 id
2055 2442 2127 2482 est

305 2501 489 2558 signum
520 2499 821 2557 significantis
863 2499 992 2542 uocis
1025 2514 1120 2542 non
1150 2516 1238 2543 uox
1271 2501 1381 2552 (uox
1412 2500 1512 2542 add.
1553 2498 1730 2555 Vsener)
1765 2499 1957 2543 eluceat.
2012 2510 2125 2555 ergo

305 2564 356 2603 ut
395 2574 638 2616 coeperam
668 2559 822 2603 dicere
856 2572 990 2602 omne
1018 2559 1213 2603 uerbum
1247 2561 1394 2602 sonat.
1459 2557 1562 2602 sed
1592 2557 1744 2614 quod
1777 2592 1788 2602 .
1818 2592 1828 2602 .
1862 2592 1872 2603 .
1906 2561 2126 2602 restat

307 2619 498 2676 signif
506 2619 643 2663 icat.
706 2618 787 2662 sed
829 2617 1050 2673 exemplis
1095 2617 1209 2661 haee
1252 2616 1541 2661 inlustranda
1585 2631 1683 2661 esse
1736 2617 1982 2674 perspicio.
2052 2616 2126 2661 fac

303 2678 447 2735 igitur
499 2692 526 2722 a
576 2691 804 2735 quoquam
849 2676 1152 2733 grammatico
1203 2691 1397 2733 puerum
1441 2677 1779 2734 interrogatum
1824 2676 1912 2721 hoc
1959 2675 2124 2720 modo:

306 2751 432 2780 arma
485 2751 600 2793 quae
646 2751 751 2793 pars
798 2735 1020 2779 orationis
1075 2735 1183 2778 est?
1250 2734 1373 2791 quod
1418 2735 1594 2779 dictum
1641 2739 1712 2779 est
1760 2750 1887 2779 arma
1933 2738 2127 2792 propter

307 2810 355 2840 se
392 2796 568 2840 dictum
601 2800 670 2839 est
714 2795 764 2838 id
810 2798 881 2837 est
911 2795 1108 2838 uerbum
1137 2798 1331 2851 propter
1369 2795 1522 2851 ipsum
1554 2796 1759 2839 uerbum.
1815 2798 1971 2840 cetera
1999 2807 2125 2849 uero,

307 2855 430 2910 quod
469 2855 547 2908 ait,
588 2869 703 2910 quae
745 2868 852 2910 pars
894 2852 1129 2908 orationis,
1174 2867 1268 2896 non
1319 2857 1513 2910 propter
1562 2868 1624 2909 se,
1670 2850 1751 2898 sed
1799 2857 1994 2911 propter
2026 2867 2127 2897 uer-

306 2914 430 2967 bum,
481 2913 604 2970 quod
648 2927 774 2955 arma
814 2912 988 2956 dictum
1030 2915 1129 2968 est,
1179 2912 1255 2955 uel
1300 2913 1450 2956 animo
1494 2927 1628 2957 sensa
1673 2913 1750 2957 uel
1788 2927 1903 2958 uoce
1943 2911 2127 2970 ,prolata

308 2975 427 3016 sunt.
491 2973 572 3016 sed
618 2986 722 3016 cum
744 2971 915 3025 *animo
955 2984 1090 3013 sensa
1129 2973 1249 3024 sunt,
1281 2972 1387 3014 ante
1415 2985 1580 3015 uocem
1611 2971 1815 3017 dicibilia
1845 2975 1994 3028 erunt,
2022 2984 2127 3026 cum

307 3035 461 3076 autem
500 3034 695 3088 propter
740 3030 787 3073 id
834 3029 959 3086 quod
1000 3029 1098 3071 dixi
1136 3034 1449 3085 proruperunt
1495 3031 1544 3073 in
1585 3045 1761 3087 uocem,
1807 3031 2034 3076 dictiones
2062 3030 2127 3073 fa-

308 3094 559 3135 ctaevsunt.
613 3090 766 3146 ipsum
795 3103 907 3133 uero
936 3102 1076 3142 arma,
1122 3087 1246 3143 quod
1275 3088 1350 3132 hic
1384 3090 1576 3133 uerbum
1606 3094 1692 3147 est,
1734 3105 1839 3135 cum
1867 3105 1894 3134 a
1924 3089 2126 3147 Vergilio

475 3225 499 3271 1
538 3223 622 3271 uel
638 3223 849 3271 sentitur
865 3237 1118 3284 suprascr.
1146 3221 1227 3268 uel
1252 3222 1303 3270 B
1325 3223 1349 3279 ΙΙ
1375 3222 1403 3268 7
1438 3222 1651 3285 qualiter
1685 3225 1806 3272 coni.
1821 3223 2000 3272 Vsmer
2032 3237 2126 3282 pro

307 3298 492 3359 quanta
512 3295 539 3353 Η
564 3295 593 3341 8
612 3294 945 3356 disputatione
962 3294 1066 3342 BD
1089 3287 1115 3355 ΙΙ
1140 3293 1168 3339 9
1195 3293 1503 3354 congestione
1527 3289 1798 3356 asperetur]
1817 3293 2128 3353 congestione

307 3365 517 3413 nodetur
554 3366 605 3412 et
638 3364 946 3424 congestione
982 3365 1238 3426 asperetur
1275 3363 1326 3410 B
1346 3356 1371 3426 ΙΙ
1400 3363 1462 3409 10
1490 3366 1612 3425 quot
1651 3363 1693 3413 G
1721 3365 1843 3426 quot
1872 3376 2125 3422 suprascr.

306 3435 387 3483 uel
420 3434 555 3498 quod
587 3434 639 3482 B
681 3434 814 3496 qued
849 3449 976 3483 corr.
1002 3436 1055 3482 in
1090 3434 1212 3494 quot
1240 3433 1289 3480 P
1318 3432 1450 3495 quod
1486 3434 1538 3481 D
1561 3426 1586 3498 ΙΙ
1613 3436 1671 3480 11
1709 3431 1922 3480 rithmus
1958 3431 2054 3480 Bo
2095 3427 2124 3491 ΙΙ

310 3506 372 3552 12
413 3507 658 3552 tractatur
695 3505 744 3553 P
786 3506 1028 3552 tractetur
1068 3502 1109 3551 Ο
1126 3495 1151 3566 Η
1174 3497 1371 3563 negoti&
1408 3504 1455 3551 P
1474 3498 1499 3567 ss
1542 3504 1603 3550 13
1644 3503 1770 3550 enim
1809 3505 1938 3550 inber
1974 3501 2127 3549 baneas

307 3576 423 3624 add.
465 3575 505 3624 Ο
523 3575 547 3631 Η
