2418 4048
1045 332 1109 379 57

161 481 538 558 prosodiarum
587 487 778 534 natura
828 487 882 532 et
932 477 1242 531 nominibus
1297 474 1631 546 grauissimis
1685 474 1996 528 auctoribus

160 573 390 629 laudatis
446 572 716 626 tractauit.
786 570 1097 644 prosodiam
1166 569 1317 622 cuius
1369 568 1521 621 uaria
1577 568 1797 621 nomina
1851 567 1997 639 apud

162 664 406 722 Gellium
442 663 588 718 XIII
623 664 687 731 6,
729 663 781 732 1,
841 662 1018 715 uarias
1055 659 1400 713 definitiones
1433 659 1603 713 habes
1641 658 1786 730 apud
1821 659 1996 714 Theo·

162 756 373 812 dosium
425 775 478 828 p.
511 756 610 825 61,
678 762 848 807 totam
904 754 963 807 in
1015 751 1296 805 altitudine
1352 750 1504 804 uocis
1560 751 1794 822 positam
1849 750 1996 804 ideo-

161 865 268 917 que
320 846 540 900 musicis
605 845 753 900 sonis
805 844 1090 899 finitimam
1159 860 1276 896 esse
1339 841 1476 895 dixit
1503 843 1566 911 ¹),
1622 841 1771 896 unde
1834 842 1997 896 etiam

161 1037 281 1076 inter
310 1032 422 1075 duas
459 1032 590 1086 quasi
621 1032 748 1072 limes
783 1037 849 1072 est
879 1030 928 1072 et
957 1027 1079 1071 infra
1110 1031 1134 1080 ἓ
1156 1026 1216 1072 24
1230 1042 1274 1084 p.
1297 1026 1385 1071 533
1402 1031 1519 1070 inter
1551 1029 1631 1070 Ιιιιε
1666 1036 1731 1071 est
1759 1029 1898 1085 μέση,
1914 1029 1995 1074 la-

160 1115 252 1163 tine
285 1111 447 1165 media,
482 1114 590 1167 quia
624 1112 751 1152 limes
795 1118 861 1152 est
893 1125 973 1166 per
1009 1124 1138 1164 quam
1171 1109 1285 1151 duae
1315 1108 1602 1165 supradictae
1637 1109 1759 1150 ultro
1792 1111 1992 1163 citroque

158 1201 405 1236 commeant
435 1190 503 1234 ita
533 1189 876 1244 intellexerunt,
919 1191 973 1231 ut
1014 1188 1213 1243 syllabas
1259 1201 1374 1243 quae
1406 1186 1529 1230 inter
1561 1190 1719 1230 acutas
1749 1190 1796 1230 et
1827 1201 1996 1244 graues

155 1270 462 1328 interpositae
499 1273 653 1314 essent
683 1284 786 1314 cum
816 1267 969 1312 media
999 1268 1219 1325 prosodia
1252 1267 1409 1311 efferri
1440 1270 1672 1324 putarent.
1737 1268 1795 1311 de
1830 1268 1996 1311 talium

158 1334 436 1406 syllabarum
465 1354 661 1395 accentu
691 1350 809 1393 nihil*
842 1352 1065 1405 quantum
1101 1362 1125 1392 e
1158 1347 1319 1391 Seruio
1356 1347 1530 1403 conligi
1559 1349 1717 1404 potest
1749 1347 1995 1390 aVarrone

157 1430 396 1486 traditum,
443 1445 581 1487 quem
621 1430 824 1474 mediam
864 1429 1161 1473 altitudinem
1194 1431 1377 1472 tantum
1411 1442 1630 1472 sonorum
1661 1430 1893 1484 spectasse
1927 1427 1996 1472 id-

157 1512 375 1568 circoque
409 1510 610 1555 mediam
641 1510 765 1554 inter
796 1524 987 1567 grauem
1019 1513 1066 1554 et
1097 1513 1281 1553 acutam
1301 1508 1511 1565 posuisse
1536 1521 1729 1564 eamque
1749 1508 1995 1564 utriusque

156 1592 288 1650 quasi
323 1591 562 1649 conpitum
594 1592 638 1647 (g
655 1592 711 1636 21
743 1607 788 1649 p.
805 1590 911 1647 531)
950 1591 1138 1636 duxisse
1173 1591 1388 1636 uidimus.
1451 1591 1557 1634 sine·
1584 1590 1723 1634 dubio
1755 1590 1910 1634 media
1946 1590 1996 1633 in

156 1673 431 1731 quibusdam
464 1672 651 1728 syllabis
685 1672 962 1717 audiebatur
993 1672 1075 1717 sed
1108 1687 1166 1716 ex
1199 1672 1423 1729 opusculo
1454 1674 1617 1715 nostro
1662 1685 1778 1728 quae
1817 1671 1993 1715 fuerint

154 1769 250 1799 non
277 1757 424 1812 patet.
483 1753 676 1811 Langen
704 1753 734 1798 l.
766 1754 793 1797 1.
827 1769 871 1810 p.
895 1752 952 1797 63
992 1753 1080 1798 hoc
1122 1753 1363 1797 inuentum
1397 1752 1632 1797 Gallorum
1667 1752 1837 1809 recipit
1867 1752 1996 1796 inde-

156 1848 245 1892 que
277 1849 382 1879 cum
410 1833 526 1879 haec
556 1833 770 1878 doctrina
797 1833 989 1878 ueritati
1018 1836 1260 1891 repugnet,
1309 1833 1461 1890 ipsam
1501 1833 1866 1891 disputationem
1883 1833 1995 1877 Var-

154 1928 270 1959 rone
299 1913 539 1971 indignam
570 1927 668 1957 esse
701 1912 859 1956 efficit.

323 1994 367 2051 1)
401 1993 456 2038 cf.
489 1992 760 2038 Aristoxeni
791 1994 921 2037 elem.
953 1993 1100 2039 harm.
1131 1994 1153 2037 I
1182 1995 1259 2038 uel
1289 1994 1445 2052 potius
1477 1996 1582 2053 περὶ
1614 1990 1772 2052 ἀρχῶν
1801 1983 1845 2035 α’
1873 2007 1917 2050 p.
1938 1992 1995 2037 18

159 2074 299 2120 Meib.
337 2075 412 2130 (ef.
442 2074 665 2132 Porphyr.
696 2075 756 2119 ad
779 2075 974 2119 Ptolem.
1007 2075 1152 2119 harm.
1185 2077 1215 2120 1.
1247 2077 1275 2120 l.
1312 2092 1357 2133 p.
1377 2075 1476 2120 257.
1512 2075 1563 2119 G.
1587 2075 1638 2119 L.
1655 2074 1824 2118 Mahne
1857 2074 1994 2118 diatr.

160 2156 219 2200 de
249 2156 456 2201 Aristox.
487 2172 529 2214 p.
554 2156 640 2201 179
661 2172 707 2201 n.
747 2157 990 2214 Westphal
1020 2158 1050 2200 l.
1072 2172 1104 2200 s.
1131 2172 1165 2200 s.
1198 2173 1243 2214 p.
1261 2157 1317 2201 41
1333 2172 1399 2214 sq.
1442 2157 1494 2201 P.
1518 2156 1773 2213 Marquard
1804 2156 1861 2200 de
1891 2153 1995 2198 Ari-

160 2240 278 2281 stox.
310 2237 497 2282 Tarent.
531 2238 586 2282 el.
620 2239 766 2284 harm.
797 2254 840 2296 p.
866 2239 924 2283 33
945 2244 1027 2296 sq.)
1063 2241 1242 2296 λέγεται
1271 2235 1359 2296 γὰρ
1393 2236 1448 2293 δὴ
1480 2240 1556 2281 καὶ
1600 2238 1803 2295 λογῶδές
1833 2254 1875 2280 τι
1908 2239 1996 2296 με’-

160 2319 248 2372 λος,
284 2314 336 2362 τὸ
368 2323 672 2378 συγκείμενον
703 2321 753 2364 ἐκ
786 2322 877 2365 τῶν
907 2321 1197 2379 προσῳδιῶν,
1226 2317 1277 2364 τὸ
1311 2321 1361 2364 ἐν
1390 2325 1483 2368 τοῖς
1518 2314 1734 2379 ὀνόμασι.
1796 2316 1997 2379 φυσικὸν

159 2394 249 2456 γὰρ
277 2395 327 2443 τὸ
362 2399 604 2444 ἐπιτείνειν
645 2403 719 2443 καὶ
750 2397 925 2445 ἀνιέναι
963 2402 1014 2445 ἐν
1044 2402 1106 2458 τῷ
1139 2401 1450 2458 διαλέγεσθαι.
1516 2400 1708 2444 Aristid.
1746 2399 1902 2455 Quint.
1939 2400 1996 2443 de

159 2492 274 2523 mus.
306 2477 329 2522 I
358 2485 403 2536 p.
422 2479 451 2523 8
479 2479 645 2524 Meib.:
676 2476 803 2528 τάσις
839 2481 896 2524 δέ
921 2481 1017 2524 ἐστι,
1045 2479 1167 2540 μονὴ
1203 2484 1278 2524 καὶ
1311 2476 1468 2529 στάσις
1497 2481 1574 2535 τῆς
1613 2481 1781 2540 φωνῆς.
1838 2474 1997 2533 ταύτης

161 2546 216 2602 δὲ
260 2558 358 2613 εἴδη
409 2553 492 2602 δύο
521 2554 677 2608 ἅνεσίς
708 2575 755 2603 τε
785 2563 858 2603 καὶ
894 2561 1111 2609 ἐπίτασις.
1173 2556 1327 2610 ἄνεσις
1360 2561 1452 2620 μὲν
1486 2553 1568 2605 οὖν
1604 2562 1739 2605 ἐστιν
1769 2559 1902 2615 ἡνίκα
1939 2555 1998 2605 ἂν

159 2635 495 2698 ἀπὸῆίξυτέρου
523 2635 669 2683 τόπου
700 2641 776 2684 ἐπὶ
807 2634 1054 2699 βαρύτερον
1086 2640 1110 2696 ἡ
1141 2639 1274 2700 φωνὴ
1300 2642 1454 2702 χωρῇ·
1487 2640 1694 2689 ἐπίτασις
1719 2641 1771 2684 δὲ
1803 2637 1915 2685 ὅταν
1945 2642 1996 2684 ἐκ

159 2722 405 2778 βαρυτέρου
433 2724 683 2779 μεταβαίνῃ
715 2717 832 2778 πρὸς
860 2717 1077 2778 ὀξύτερον.
1115 2723 1166 2766 ἐκ
1195 2720 1251 2777 δὴ
1279 2717 1450 2767 τούτων
1478 2719 1533 2765 τὰ
1563 2716 1792 2781 γενόμενα
1823 2719 1884 2765 τὸ
1905 2723 1997 2782 μὲν

157 2794 381 2858 βαρύτητα
419 2797 470 2843 τὸ
515 2800 566 2843 δὲ
600 2795 784 2854 ὀξύτητα
826 2797 1239 2861 προςαγορεὺομεν.
1302 2803 1358 2847 ef.
1393 2803 1514 2847 Sext.
1546 2803 1682 2860 Emp.
1715 2800 1831 2861 πρὸς
1859 2816 1994 2862 μουσ.

158 2894 203 2936 p.
220 2879 321 2935 756,
339 2879 532 2924 19Bekk.
565 2880 680 2924 Mar.
695 2881 815 2925 Vict.
834 2882 922 2925 1111
938 2883 980 2936 2,
999 2882 1026 2926 7
1057 2898 1100 2939 p.
1115 2882 1232 2927 2605
1249 2883 1300 2927 P.
1334 2882 1523 2939 Dionys.
1545 2883 1691 2928 Halic.
1726 2883 1782 2927 de
1807 2899 1994 2940 conpos.

156 2961 286 3004 uerb·
321 2960 375 3004 11
408 2976 453 3017 p.
480 2960 595 3004 1126
616 2961 816 3006 Schaef.:
851 2963 1087 3008 διαλέκτου
1120 2964 1212 3023 μὲν
1243 2957 1324 3009 οὖν
1355 2966 1496 3023 μέλος
1529 2965 1593 3010 ἑνὶ
1631 2971 1856 3023 μετρεῖται
1893 2966 1993 3008 δια-

159 3035 350 3100 στήματι
381 3042 444 3099 τῷ
474 3043 708 3100 λεγοιιιένῳ
741 3041 816 3086 διὰ
851 3048 987 3088 πέντε
1017 3044 1076 3093 ὠς
1102 3047 1306 3102 ἔγγιστα·
1340 3049 1415 3088 καὶ
1437 3039 1537 3089 οὔτε
1575 3047 1837 3090 ἐπιτείνεται
1874 3051 1992 3102 πέρα

157 3120 249 3164 τῶν
276 3121 412 3178 τριῶν
441 3117 588 3166 τόνων
616 3126 691 3166 καὶ
723 3122 958 3182 ἡμιτονίου
1000 3126 1078 3168 ἐπὶ
1117 3123 1168 3168 τὸ
1218 3122 1308 3178 ὀξὺ,
1354 3120 1453 3169 οὔτε
1495 3123 1667 3170 ἀνίεται
1702 3127 1782 3170 τοῦ
1822 3131 1994 3183 χωρίου

157 3194 315 3244 τούτου
350 3203 510 3246 πλεῖον
540 3204 618 3247 ἐπὶ
647 3201 699 3247 τὸ
737 3199 864 3259 βαρύ.
927 3202 980 3248 οὐ
1008 3203 1104 3263 μὴν
1137 3201 1299 3248 ἅπασά
1328 3221 1382 3262 γε
1414 3205 1439 3261 ἡ
1471 3209 1584 3255 λέξις
1614 3205 1639 3261 ἡ
1678 3207 1786 3249 καθ’
1821 3206 1872 3249 ἓν
1901 3201 1991 3263 μό-

156 3294 256 3336 ριον
284 3275 437 3338 λόγου
476 3287 727 3341 ταττομένη
769 3286 845 3328 ἐπὶ
887 3286 963 3339 τῆς
1002 3282 1136 3339 αὐτῆς
1174 3288 1353 3342 λέγεται.
1386 3282 1571 3338 τάσεως,
1607 3283 1702 3328 ἀλλ’
1736 3284 1761 3339 ἡ
1792 3285 1884 3343 μὲν
1917 3286 1991 3327 ἐπὶ

155 3362 233 3416 τῆς
260 3357 418 3416 ὀξείας,
451 3360 477 3417 ἡ
509 3363 560 3406 δὲ
595 3366 672 3408 ἐπὶ
701 3367 778 3420 τῆς
808 3370 1005 3423 βαρείας,
1039 3364 1064 3420 ἡ
1096 3366 1147 3409 δὲ
1183 3368 1255 3410 ἐπ’
1287 3365 1482 3426 ἀμφοῖν,
1519 3368 1606 3411 τῶν
1641 3367 1691 3409 δὲ
1724 3363 1994 3424 ἀμφοτέρας

157 3436 235 3488 τὰς
263 3435 414 3490 τάσεις
441 3443 649 3500 ἐχουσῶν
682 3447 730 3487 αἱ
760 3446 853 3503 μὲν
883 3443 994 3488 κατὰ
1023 3450 1139 3504 μίαν
1168 3445 1394 3502 συλλαβὴν
1421 3449 1810 3505 συνεφθαρμένον
1831 3447 1987 3502 ἔχουσι,

157 3523 220 3578 τῷ
253 3518 348 3570 ὀξεῖ
370 3520 421 3566 τὸ
451 3521 578 3582 βαρὺ,
610 3521 664 3574 ἃς
695 3523 750 3580 δὴ
782 3530 1141 3584 περισπωμένας
1170 3529 1414 3586 καλοῖ-μεν,
1449 3530 1496 3569 αἱ
1527 3527 1578 3569 δὲ
1613 3528 1663 3570 ἐν
1687 3527 1823 3583 ἑτέρῳ
1847 3541 1892 3569 τε
1917 3531 1991 3570 καὶ

159 3603 296 3661 ἑτέρῳ
324 3606 466 3662 χωρὶς
496 3599 721 3663 ἑκάτερον,
754 3606 830 3665 ἐφ’
867 3606 1026 3648 ἑαυτοῦ
1055 3604 1135 3662 τὴν
1165 3610 1337 3651 οἰκείαν
1369 3603 1596 3665 ‹pradum›
1631 3602 1784 3665 (suom
