2372 4082
1116 298 1211 344 191

243 468 364 503 sum
398 455 481 502 est
520 445 762 500 Glaucus
803 439 1195 511 ἐπιτεταμένην,
1229 442 1360 495 item
1399 441 1536 496 alius
1573 442 1748 511 aliter,
1786 442 1884 497 sed
1919 461 2081 497 nemo

241 538 426 594 adhuc
462 538 645 591 leuem
680 537 913 606 uocauit,
963 535 1207 605 quamuis
1263 533 1322 587 id
1370 541 1487 587 erat
1524 534 1683 605 graui
1720 532 2084 604 contrarium,

240 647 436 684 uerum
475 648 538 683 ea
573 646 776 684 nomen
812 627 1023 699 optinet
1063 624 1238 687 ὀξείας
1292 625 1460 678 latine
1504 633 1711 696 acutae,
1764 626 1890 680 ideo
1931 627 2078 697 quod

242 721 420 775 tenuis
460 729 514 774 et
552 738 713 774 omne
746 725 963 772 acutum
998 725 1177 770 tenue.
1251 716 1395 769 inter
1443 716 1541 769 has
1593 724 1675 769 est
1723 714 1863 784 μέση
1910 717 2079 770 latine

245 811 442 878 media,
482 812 608 882 quia
641 810 798 864 limes
838 817 919 862 est
951 826 1052 881 per
1096 826 1256 878 quem
1295 807 1434 861 duae
1472 808 1817 881 supradictae
1836 808 1982 862 ultro
2010 808 2078 861 ci-
2103 814 2131 858 5

244 912 438 974 troque
486 908 807 957 commeant.
901 907 1126 971 quartae
1180 899 1263 952 illi
1305 899 1648 968 coniunctae,
1705 900 1832 969 quia
1884 895 2082 953 ceteris

247 991 583 1068 perplexior
607 1000 704 1062 est,
744 991 900 1064 plura
938 998 1062 1044 sunt
1095 991 1376 1044 uocabula.
1466 990 1791 1044 Ammonius
1839 990 2083 1044 Alexan-

245 1086 451 1154 drinus,
505 1084 597 1154 qui
635 1081 942 1135 Aristarchi
980 1081 1198 1134 scholae
1251 1081 1528 1149 successit,
1587 1077 1858 1147 ὄξύβαρυν
1905 1089 2080 1147 uocat,

243 1175 499 1248 Ephorus
537 1184 717 1229 autem
757 1174 1033 1246 Cymaeus
1071 1172 1412 1242 περίσπασιν,
1448 1173 1752 1243 Dionysius
1790 1172 2084 1246 Olympius

247 1265 466 1336 δίτονον,
502 1266 889 1319 Hermocrates
926 1265 1100 1318 Iasius
1141 1262 1485 1333 σύμπλεκτον,
1525 1264 1887 1334 Epicharmus
1914 1263 2079 1336 Syra·
2105 1273 2162 1318 10

248 1357 426 1410 cusius
462 1354 835 1422 κεκλασμένην.
909 1373 1102 1407 uerum
1141 1373 1204 1406 ea
1241 1373 1386 1407 nunc
1425 1354 1492 1406 ab
1530 1355 1778 1409 omnibus
1819 1373 2085 1422 περισπω-

242 1447 375 1514 μένη
410 1465 611 1519 graece
635 1453 877 1515 uocatur,
902 1445 1048 1517 apud
1074 1464 1174 1498 nos
1195 1445 1357 1514 flexa,
1395 1445 1649 1515 quoniam
1674 1443 1865 1518 >primo
1903 1455 2087 1502 erecta

242 1526 431 1593 rursus
466 1539 524 1592 in
562 1557 791 1610 grauem
827 1538 1080 1592 flectitur.

388 1629 572 1684 Acuta
609 1629 804 1683 exilior
841 1636 894 1682 et
949 1628 1173 1682 breuior
1231 1636 1286 1681 et
1343 1619 1488 1682 omni
1540 1629 1703 1683 modo
1762 1630 1940 1684 minor
1988 1637 2087 1699 est,

253 1721 413 1792 quam
457 1721 660 1792 grauiS,
714 1727 776 1773 ut
831 1727 911 1773 est
956 1719 1114 1772 facile
1167 1738 1236 1773 ex
1285 1720 1492 1773 musica
1544 1739 1883 1792 cognoscere
1928 1722 2077 1776 cuius
2101 1729 2157 1774 15

244 1813 426 1885 imago
464 1812 737 1884 prosodia.
810 1830 937 1865 nam
981 1820 1034 1863 et
1070 1810 1127 1863 in
1162 1811 1370 1864 cithara
1408 1812 1662 1884 omnique
1699 1813 1956 1884 psalterio
1979 1832 2083 1883 quo

249 1900 497 1974 q‘uaeque
533 1904 736 1957 chorda
771 1903 982 1957 acutior
1021 1921 1084 1956 eo
1124 1904 1335 1972 exilior,
1380 1910 1434 1955 et
1467 1903 1596 1956 tibia
1634 1911 1783 1958 tanto
1826 1913 1908 1958 est
1946 1924 2084 1959 uoce

251 1993 492 2047 acutiore
544 2000 742 2063 quanto
792 2012 926 2046 cauo
981 1993 1313 2064 angustiore,
1357 1993 1494 2046 adeo
1548 2000 1609 2045 ut
1661 1994 1936 2047 corniculo
1993 2002 2087 2047 aut

245 2082 521 2154 βομβυκίῳ
562 2085 746 2138 addito
799 2084 1021 2154 grauior
1058 2084 1336 2154 reddatur,
1387 2085 1531 2154 quod
1593 2086 1823 2140 crassior
1874 2086 1987 2140 exit
2025 2086 2083 2139 in

247 2259 411 2314 fertur,
458 2258 550 2302 du'o
594 2261 807 2315 tempora
849 2258 1099 2315 appellare,
1141 2257 1244 2314 ipsa
1287 2257 1417 2314 cogit
1465 2260 1646 2312 natura,
1694 2273 1798 2303 cum
1844 2258 2089 2314 loquimur.

247 2318 443 2362 breuem
470 2318 832 2372 monochronon,
865 2318 1053 2374 longam
1085 2316 1342 2361 dichronon
1362 2318 1661 2374 appellamus.
1695 2318 1784 2361 duo
1810 2318 1930 2362 enim
1949 2319 2092 2375 longa

253 2377 428 2433 syllaba
457 2377 600 2420 habet
626 2381 852 2433 tempora,
868 2377 1115 2434 positionis
1135 2379 1181 2420 et
1196 2380 1404 2432 naturae,
1423 2377 1579 2421 breuis
1610 2381 1803 2421 naturae
1829 2378 1970 2421 habet
1990 2382 2091 2421 tan-

247 2441 348 2480 tum
379 2439 536 2491 (unum
550 2438 591 2491 5³)
618 2437 766 2480 modo.
804 2436 1047 2480 Terentius
1074 2436 1299 2492 rhythmis
1325 2437 1490 2480 scribit
1514 2437 1777 2481 comoedias
1794 2437 1871 2481 uel
1885 2438 2090 2481 Plautus.

247 2496 394 2540 Prisc.
426 2496 483 2540 de
516 2497 742 2540 accentib.
775 2512 818 2552 p.
839 2496 942 2551 519,
978 2496 1062 2540 25:
1106 2500 1324 2539 accentus
1367 2500 1438 2540 est
1469 2501 1598 2541 certa
1627 2497 1704 2540 lex
1745 2500 1792 2540 et
1835 2498 1999 2553 regula
2030 2497 2090 2540 ad

249 2556 523 2599 eleuandam
556 2560 604 2600 et
635 2556 985 2612 deprimendam
1021 2556 1243 2611 syllabam
1287 2555 1645 2612 uniuscuiusque
1690 2555 1946 2613 particulae
1989 2571 2090 2600 ora-

252 2615 408 2671 tionis,
454 2615 532 2671 qui
562 2614 616 2658 fit
652 2616 710 2658 ad
744 2615 1091 2659 similitudinem
1129 2616 1464 2658 elementorum
1494 2616 1761 2659 litterarum
1792 2617 2089 2673 syllabarum-

251 2687 354 2730 que,
386 2675 466 2730 qui
494 2675 635 2718 etiam
667 2675 904 2731 tripertito
935 2675 1178 2732 diuiditur,
1220 2678 1356 2719 acuto
1389 2675 1522 2732 graui
1553 2675 1863 2720 circumflexo.
1926 2679 2090 2720 acutus

392 2843 417 2890 1
459 2839 817 2906 ep'itetamenen
855 2843 904 2890 L
937 2843 960 2900 ΙΙ
1001 2844 1028 2889 3
1070 2858 1247 2889 numen
1285 2842 1334 2890 L
1377 2841 1418 2897 ΙΙ·
1439 2843 1583 2889 oxian
1617 2843 1667 2890 L
1691 2844 1714 2901 ΙΙ
1753 2846 1898 2891 acuta
1935 2843 2088 2903 12114

247 2930 377 2962 mese
414 2915 464 2962 L
487 2908 512 2978 Η
537 2917 565 2962 6
603 2909 900 2972 commeant]
940 2916 1235 2960 commentat
1275 2913 1326 2960 L
1349 2907 1374 2977 Η
1398 2917 1574 2976 quarte
1607 2913 1658 2962 L
1682 2918 1707 2974 Η
1734 2915 1808 2962 illi
1841 2916 2092 2977 coniungit

1879 2989 1902 3010 u

247 3026 466 3088 liquiaL
487 3027 784 3085 coniunctili‚
806 3028 1002 3088 quia'ci.
1017 3027 1198 3075 Vsener
1221 3020 1244 3091 ΙΙ
1272 3028 1300 3072 7
1319 3025 1626 3074 hammonius
1654 3026 1920 3075 alixondris
1937 3029 1986 3076 L
2011 3029 2034 3085 ΙΙ
2061 3028 2090 3074 8

249 3098 474 3144 aristarci
511 3095 681 3145 sco¹lae
707 3098 757 3144 L
781 3093 805 3158 ΙῙ
830 3096 1052 3143 oxibarin
1074 3098 1122 3145 L
1147 3099 1170 3154 ΙΙ
1198 3100 1225 3144 9
1263 3113 1457 3157 cymeus
1497 3098 1838 3161 perispasinL
1862 3100 1886 3155 ΙΙ
1914 3099 1977 3144 10
2016 3092 2089 3142 δι’·

243 3170 395 3209 ’τοιόν
433 3168 492 3216 ci.
539 3167 665 3216 Weil
699 3171 746 3215 et
781 3165 1010 3215 Benloew
1049 3167 1140 3214 l.s.
1170 3183 1226 3228 p.
1248 3171 1313 3215 10
1362 3182 1555 3229 aponon
1598 3169 1647 3216 L
1689 3163 1713 3230 Η
1754 3169 1845 3215 sim
1892 3168 2090 3231 plecton

250 3235 300 3283 L
323 3232 348 3300 ΙΙ
371 3238 643 3300 epicarmus
682 3237 945 3284 siracusius
981 3240 1286 3284 cetasmenen
1322 3238 1371 3285 L
1404 3231 1429 3300 ΙΙ
1474 3240 1530 3283 11
1571 3251 1919 3300 perespome'ne
1954 3238 2003 3285 L
2050 3234 2082 3296 ΙΙ

254 3307 517 3369 12·Ρι·ἱιῐιἐ’.
554 3322 681 3356 corr.
714 3309 769 3355 in
807 3307 968 3370 primo
1003 3307 1052 3354 L
1093 3307 1116 3362 ΙΙ
1158 3309 1219 3353 13
1259 3303 1482 3368 grauem]
1519 3307 1718 3369 grebem
1758 3303 1946 3369 111114
1979 3306 2087 3354 bre-

249 3374 358 3422 bior
393 3375 490 3434 Lll
517 3378 579 3427 16
622 3376 809 3424 chitera
828 3378 877 3425 L
899 3371 924 3438 Η
950 3392 1146 3439 quoque
1185 3393 1311 3439 quae
1343 3378 1393 3425 L
1415 3380 1439 3434 ΙΙ
1469 3379 1529 3423 17
1557 3370 1699 3444 tibia]
1737 3379 1844 3424 uita
1871 3376 1999 3425 corr.
2033 3378 2087 3424 in

249 3446 374 3492 tiuia
402 3445 458 3493 ‘L
492 3447 518 3503 Η
551 3449 691 3493 tanta
727 3462 855 3496 corr.
891 3449 946 3494 in
979 3450 1120 3493 tanto
1155 3447 1206 3495 L
1242 3440 1268 3511 Η
1311 3449 1373 3493 19
1410 3442 1709 3510 βομβυκίῳ]
1747 3447 1999 3494 bamborio
2038 3446 2088 3494 L

251 3515 312 3577 cf.
350 3529 507 3575 supra
538 3531 592 3575 p.
618 3517 685 3565 58
710 3517 735 3577 ΙΙ
756 3517 929 3564 addita
965 3532 1093 3567 corr.
1125 3519 1180 3566 in
1206 3517 1376 3565 addito
1417 3517 1467 3566 L
1493 3512 1515 3581 ΙΙ
