2314 4056
1178 343 1275 390 190

317 484 623 537 nominibus
665 484 946 537 intellectu
983 486 1227 555 procliue
1269 493 1351 540 est
1387 494 1498 540 tres
1535 489 1734 558 primas
1775 507 1892 544 esse
1930 493 2131 564 simpli—

320 591 407 627 ces
462 581 515 626 et
559 592 670 626 11011
722 574 854 627 alias
902 593 1062 644 quam
1111 578 1336 641 βαρεῖαν
1368 574 1536 644 μέσην
1595 576 1785 640 ὀξεῖαν,
1838 588 2135 652 postremas

318 671 496 717 autem
529 672 640 717 tres
679 663 924 735 duplices
964 674 1017 718 et
1068 668 1220 738 quasi
1274 669 1482 739 species
1534 669 1692 722 unius
1748 669 1942 739 flexae,
1994 688 2134 741 quae

317 762 399 807 est
433 772 636 824 genere
673 774 794 807 una.
866 756 1007 809 hanc
1065 757 1207 812 enim
1256 759 1402 811 flecti
1444 777 1555 812 non
1602 777 1707 812 uno
1746 759 2133 815 modoomnes

267 850 295 893 5
318 852 663 915 putauerunt,
682 844 1070 899 Eratosthenes
1114 866 1186 900 ex
1224 855 1377 919 parte
1414 849 1595 919 priore
1636 856 1793 901 acuta
1825 849 1879 902 in
1909 867 2134 920 grauem

314 933 690 1007 posteriorem,
724 936 1047 990 Theodorus
1107 945 1286 990 autem
1333 939 1621 1010 aliquando
1677 940 1839 992 etiam
1874 957 1945 992 ex
1979 939 2138 1011 graui

314 1025 369 1076 in
411 1025 708 1077 acutiorem
745 1025 1070 1080 excendere.
1122 1036 1362 1081 ceterum
1382 1029 1558 1082 Varro
1597 1030 1655 1082 in
1691 1037 1976 1102 utramque
2014 1049 2134 1102 par·

314 1123 422 1166 tem
463 1116 671 1167 moueri
710 1115 1017 1185 arbitratur,
1054 1136 1231 1190 neque
1272 1120 1375 1173 1100
1418 1120 1574 1174 facile
1614 1120 1733 1173 fieri
1775 1121 1892 1174 sine
1933 1119 2128 1188 media,

313 1223 539 1275 eamque
574 1212 759 1258 acutae
799 1206 1140 1260 coniunctam
1180 1209 1505 1282 plerumque
1563 1229 1680 1266 esse
1735 1211 1917 1283 potius
1972 1229 2133 1283 quam

235 1302 291 1346 10
313 1313 556 1366 grauem,
594 1294 739 1367 quod
775 1298 1096 1368 ea-propius
1132 1307 1416 1372 utramque
1454 1309 1551 1371 est,
1577 1319 1735 1371 quam
1768 1301 1862 1354 illa
1889 1300 2136 1373 superior

314 1393 368 1440 et
403 1386 629 1440 inferior
664 1386 806 1439 inter
843 1405 918 1440 se.
952 1387 959 1457 Ι

451 1475 645 1545 Media,
686 1494 821 1544 quae
855 1477 1001 1530 inter
1038 1476 1167 1529 duas
1204 1476 1353 1545 quasi
1392 1476 1546 1529 limes
1587 1484 1685 1547 est,
1737 1480 1881 1548 quod
1917 1479 2134 1549 grauio-

310 1565 384 1620 ris
421 1585 579 1636 quam
619 1567 868 1620 acutioris
906 1568 1137 1621 similior
1176 1575 1272 1637 est,
1332 1567 1389 1620 in
1436 1568 1707 1621 inferioris
1754 1570 1933 1640 potius
1976 1587 2133 1641 quam

312 1656 604 1729 superioris
642 1675 926 1710 numerum
957 1658 1253 1729 relegatur.
1314 1658 1371 1712 in
1405 1658 1509 1711 hoc
1549 1659 1692 1712 enim
1730 1661 1846 1713 fere
1888 1660 2131 1715 doctissi-

236 1755 291 1799 15
310 1764 519 1799 morum
560 1765 853 1801 consensus
893 1756 989 1818 est,
1028 1756 1240 1801 acutam
1282 1750 1405 1822 plus
1441 1770 1550 1804 una
1584 1770 1693 1805 uno
1729 1751 1786 1804 in
1822 1753 1990 1806 uerbo
2014 1770 2132 1807 esse

307 1854 419 1890 non
455 1855 633 1908 posse,
671 1856 869 1908 graues
906 1857 1024 1892 esse
1064 1840 1386 1910 complures

449 1929 772 1982 Prosodiam
807 1930 881 1983 ibi
922 1948 1039 1983 esse
1080 1930 1321 1999 dicimus,
1372 1930 1465 1983 ubi
1515 1939 1606 1984 aut
1658 1950 1871 1985 sursum
1924 1939 2006 1986 est
2041 1938 2133 1985 aut

310 2022 583 2075 deorsum.
629 2038 766 2091 quae
807 2020 1092 2074 demissior
1131 2029 1228 2090 est,
1269 2039 1331 2074 ea
1369 2042 1399 2073 a
1434 2021 1680 2091 pluribus
1715 2023 1908 2087 βαρεῖα
1949 2022 2131 2095 appel-

308 2113 451 2165 latur
489 2129 705 2182 graece,
753 2110 917 2163 latine
970 2129 1100 2164 uero
1149 2111 1333 2181 grauis
1385 2111 1510 2165 ideo
1550 2112 1692 2184 quod
1745 2113 1998 2166 deorsum
2035 2117 2132 2180 est,

230 2202 366 2255 20in
400 2203 528 2256 scdc
567 2203 772 2255 scilicet
809 2201 1112 2274 ponderum
1152 2202 1481 2274 grauiorum.
1570 2211 1624 2255 at
1671 2221 1789 2255 eam
1837 2221 1972 2274 quae
2020 2221 2134 2256 sur-

310 2376 394 2416 est.
428 2374 714 2428 quapropter
750 2372 838 2415 etsi
860 2373 1065 2417 metricis
1084 2373 1271 2417 uidetur
1299 2373 1576 2428 syllabarum
1597 2374 1810 2415 naturam
1841 2386 1869 2412 ·x-
1903 2369 1963 2413 ad
1977 2367 2134 2436 rhytb·

308 2432 453 2476 micos
486 2432 607 2474 solos
640 2431 874 2488 pertinere
905 2436 1166 2489 temporum
1201 2432 1501 2475 denumerare
1533 2431 1792 2485 interualla,
1823 2432 1994 2482 tamen,
2026 2442 2135 2484 qma

309 2491 471 2534 titulus
513 2490 743 2547 propositi
775 2494 1019 2546 utramque
1062 2491 1242 2548 flagitat
1283 2491 1610 2547 cognitionem,
1656 2504 1713 2533 ne
1757 2488 1868 2545 quid
1909 2486 2034 2545 quod
2061 2486 2134 2554 ‘ad

310 2550 555 2594 discendos
588 2553 804 2595 accentus
846 2551 1054 2606 pertinet
1099 2551 1260 2594 deesse
1300 2551 1526 2604 uideatur,
1571 2550 1628 2594 de
1668 2548 1802 2592 uerbi
1842 2545 2132 2604 longitudlne

309 2609 554 2653 dicendum
586 2612 671 2664 est,
708 2623 761 2652 ea
793 2611 890 2653 sola
918 2610 1228 2666 adtfflgentes,
1262 2623 1375 2665 quae
1407 2609 1537 2665 operi
1555 2607 1818 2652 necessaria
1837 2606 2131 2674 uidebuntur.

309 2668 627 2724 longitudo
658 2669 973 2712 uerborum
1008 2703 1017 2712 .
1051 2702 1061 2712 .
1098 2703 1108 2712 .
1144 2669 1397 2724 syllabis
1428 2667 1668 2711 finiunt.
1730 2680 1879 2722 neque
1912 2679 2033 2709 emm
2063 2677 2132 2707 re-

308 2728 412 2780 fert,
443 2731 626 2783 tempus
660 2727 709 2770 in
741 2728 915 2783 syllaba
943 2742 1041 2771 esse
1074 2743 1131 2771 an
1168 2728 1218 2770 in
1246 2731 1456 2784 tempore
1489 2726 1712 2783 syllabam
1742 2725 1960 2779 dicamus,
2004 2723 2132 2766 dum·

307 2786 445 2830 modo
477 2786 685 2829 discendi
717 2801 855 2830 causa
891 2802 1162 2831 concessum
1210 2791 1280 2830 est
1325 2801 1424 2830 eam
1453 2800 1628 2830 moram
1660 2799 1749 2840 qua
1777 2783 1932 2828 breuis
1960 2782 2134 2838 syllaba

310 2846 494 2899 dicitur,
526 2860 669 2888 unum
699 2848 748 2888 et
778 2846 1102 2889 breuissimum
1131 2850 1314 2901 tempus
1346 2859 1528 2900 uocare,
1581 2858 1670 2899 qua
1711 2857 1823 2886 uero
1854 2842 1994 2897 longa
2022 2854 2127 2897 pro-

444 2993 473 3038 2
509 2991 697 3038 uariam
726 2993 1035 3038 mesenoxian
1056 2993 1105 3040 L
1127 2986 1151 3055 ΙΙ
1179 2992 1206 3038 5
1249 2994 1355 3038 erat
1392 2994 1581 3037 ostenes
1620 2982 1770 3052 111}ss
1810 2987 2130 3050 posteriorem

307 3076 397 3110 om.
432 3061 540 3117 Wll
564 3064 726 3107 autem
762 3077 851 3109 om.
888 3062 995 3119 lsVll
1022 3063 1050 3107 7
1088 3060 1348 3108 extendere
1395 3061 1464 3109 W
1491 3055 1514 3123 ΙΙ
1557 3061 1607 3105 111
1645 3063 1906 3120 utramque
1939 3060 2130 3120 partem

319 3131 445 3180 Weil
478 3135 522 3179 et
557 3129 784 3178 Benloew
820 3131 851 3178 l.
890 3146 929 3179 S,
961 3135 1099 3191 p.14
1133 3132 1183 3177 in
1218 3133 1428 3192 utraque
1462 3132 1604 3194 parte
1641 3129 1810 3186 LWU
1835 3130 1865 3175 8
1903 3123 2014 3186 1100]
2049 3124 2128 3172 hic

308 3201 531 3259 LW119
571 3203 762 3247 acutam
799 3200 1086 3263 plerumque
1126 3217 1228 3247 esse
1263 3201 1432 3262 putius
1474 3216 1616 3263 quam
1655 3197 1854 3260 grabem
1891 3191 2041 3255 (corr.
2077 3197 2130 3244 in

305 3266 529 3334 grauem)
572 3271 621 3318 L
658 3273 850 3317 acutam
882 3270 1168 3332 plerumque
1205 3286 1307 3317 esse
1343 3271 1509 3332 potius
1547 3284 1692 3332 quam
1729 3283 1930 3329 grauem
1970 3265 2040 3315 W
2066 3265 2129 3324 cf.

303 3355 461 3400 supra
490 3356 542 3400 p.
569 3342 633 3388 55
661 3339 952 3386 'adiunctam
988 3342 1049 3388 ci.
1081 3341 1260 3389 Vsener
1281 3334 1305 3403 ΙΙ
1334 3341 1396 3385 10
1432 3338 1661 3403 probrius
1696 3341 1907 3399 utraque
1942 3336 1991 3384 L
2014 3337 2038 3393 ιΙ
2066 3337 2123 3382 11

303 3410 431 3457 inter
468 3407 540 3470 se]
579 3411 822 3470 hucusque
845 3410 916 3458 W
939 3403 964 3474 Η
992 3412 1052 3457 13
1091 3410 1293 3456 similior
1313 3401 1408 3475 est]
1445 3409 1698 3456 similiores
1720 3407 1769 3454 L
1792 3409 1816 3464 11
1840 3406 2009 3468 putius
2032 3399 2126 3466 ΖΙ]

309 3481 372 3526 14
410 3481 713 3543 superiorum
739 3474 763 3542 Η
791 3479 853 3526 15
873 3495 970 3526 uno
990 3494 1078 3528 om.
1099 3479 1147 3527 L
1171 3475 1196 3543 Η
1223 3480 1285 3526 17
1305 3479 1596 3542 prosodiant
1618 3477 1667 3524 L
1689 3477 1714 3534 Η
1742 3478 1804 3524 18
1835 3491 1960 3539 quae
1981 3474 2129 3522 demi-

305 3551 405 3596 sior
439 3553 513 3597 est
549 3566 673 3613 quae
701 3566 730 3596 a
754 3550 804 3598 L
827 3551 850 3607 ΙΙ
874 3545 1091 3610 βαρεῖα]
1126 3550 1266 3597 uaria
1282 3550 1332 3598 L
1354 3551 1379 3607 Η
1405 3551 1470 3596 20
1506 3563 1706 3610 eamque
1727 3562 1923 3594 rursum
1944 3547 2022 3600 est
2041 3539 2127 3604 ΖΗ
