2280 4088
1070 279 1169 349 131'

203 448 410 518 scribis,
449 447 518 501 de
549 465 609 502 re
631 459 742 501 non
780 444 849 501 de
881 447 1080 518 gallico
1105 446 1324 500 nomine
1360 447 1450 517 agi
1489 447 1898 502 concedendum
1931 457 2028 503 est.

195 551 320 594 nam
367 539 596 593 loricam
646 557 924 592 romanam
962 538 1256 608 antiquitus
1308 557 1338 591 c
1381 537 1511 591 loris
1556 538 1752 592 factam
1792 539 2031 610 indeque

195 630 523 684 nominatam
572 630 740 684 fuisse
778 629 925 699 dicit,
979 635 1168 699 postea
1217 628 1363 681 idem
1399 647 1600 682 nomen
1634 630 1692 682 in
1729 631 1966 683 ferream
1999 649 2028 683 e

193 720 381 777 Gallia
417 722 728 776 translatam
768 720 1060 775 transiisse.
1097 738 1167 775 ex
1206 738 1268 773 eo
1310 727 1493 772 autem
1535 720 1682 792 quod
1715 720 1861 793 apud
1894 721 2030 774 Var—

195 829 387 867 ronem
426 813 589 867 baltei
623 813 914 886 explicatio
945 813 1205 884 sequitur,
1241 815 1387 887 apud
1406 815 1627 886 Lydum
1651 815 2030 888 praemittitur,

194 904 309 958 noli
349 905 572 958 efficere
610 904 829 975 Lydum
864 923 927 959 eo
971 905 1093 958 loco
1131 918 1287 958 usum
1327 924 1463 976 esse,
1512 926 1638 959 nam
1675 926 1873 978 magna
1908 924 2029 962 uer—

193 995 422 1049 bositate
471 994 539 1072 de
578 996 916 1050 uestimentis
965 997 1211 1068 magistri
1262 997 1506 1067 equitum
1546 998 1758 1052 locutus
1812 999 2029 1070 singula

194 1096 520 1159 percensere
562 1086 767 1155 debuit,
804 1087 1039 1140 Varroni
1077 1094 1255 1141 autem
1292 1088 1430 1140 nihil
1467 1088 1728 1143 adscribit
1766 1090 1870 1144 nisi
1900 1109 2026 1157 καρ.

193 1175 433 1243 ταμέραν
470 1177 561 1247 (cf.
603 1177 663 1230 L.
700 1177 1050 1231 Diefenbach
1089 1179 1227 1249 orig.
1267 1197 1454 1251 europ.
1499 1180 1676 1252 p.285
1697 1183 1801 1251 sq.)
1844 1189 1896 1234 et
1933 1181 2027 1234 illa

192 1268 487 1338 generalia,
522 1287 752 1340 quorum
779 1269 1017 1321 omnium
1051 1269 1108 1322 in
1130 1269 1270 1322 libro
1310 1270 1376 1322 de
1411 1271 1599 1342 lingua
1632 1272 1801 1325 latina
1841 1272 2028 1342 quinto

188 1375 294 1412 nec
328 1359 455 1412 uola
491 1376 595 1412 nec
633 1358 944 1430 uestigium.
1005 1378 1172 1431 quare
1208 1360 1277 1413 ad
1313 1361 1482 1415 libros
1520 1370 1736 1415 nostros
1774 1363 1862 1432 (fr.
1898 1364 2021 1434 108)

190 1461 257 1503 ea
291 1451 473 1504 refero
509 1450 815 1520 contentuS,
866 1450 1012 1520 quod
1048 1470 1160 1504 non
1198 1452 1374 1505 solum
1417 1452 1474 1506 in
1509 1454 1668 1507 titulo
1705 1462 1759 1506 et
1795 1473 2024 1508 numero

191 1541 382 1614 Lydus
415 1544 681 1615 peccauit,
735 1544 835 1597 sed
876 1544 1037 1598 etiam
1076 1545 1408 1618 inpudenter
1455 1564 1544 1599 res
1581 1566 1611 1598 a
1645 1546 1896 1600 Varrone
1931 1565 2023 1602 ex-

188 1634 394 1706 positas
426 1635 593 1688 auxit.
639 1653 763 1689 nam
802 1653 983 1707 neque
1020 1636 1116 1690 ille
1157 1637 1338 1690 docuit
1365 1655 1394 1690 e
1424 1637 1631 1709 linguis
1667 1638 1867 1709 gallica
1902 1657 2023 1692 aeo-

191 1723 297 1778 lica
329 1731 546 1779 etrusca
582 1725 726 1779 inter
763 1745 821 1780 se
847 1726 1028 1781 mixtis
1065 1728 1285 1781 latinam
1311 1728 1556 1798 linguam
1591 1736 1764 1782 ortam
1792 1747 1928 1799 esse,
1968 1731 2024 1783 id

193 1815 339 1888 'quod
377 1817 597 1886 quaeuis
638 1818 839 1890 pagina
890 1818 1154 1872 librorum
1205 1819 1273 1872 de
1311 1820 1500 1890 lingua
1554 1820 1719 1872 latina
1773 1821 2031 1890 ostendit,

188 1907 287 1987 sed
328 1909 590 1962 nonnulla
640 1927 712 1962 ex
764 1910 840 1963 eis
895 1918 1110 1983 sumpta
1160 1929 1278 1965 esse
1317 1911 1663 1980 existimauit,
1720 1931 1857 1982 quae
1913 1913 2029 1967 sin'e

188 1997 352 2053 dubio
407 2000 708 2053 accuratius
758 2001 1126 2074 pertractauit,
1186 2019 1363 2072 neque
1419 2002 1579 2055 facile
1634 2002 1837 2057 dixeris
1890 2022 2026 2076 quae

188 2090 552 2165 discrepantia
575 2092 718 2146 inter
736 2093 944 2146 Tuscos
969 2100 1023 2146 et
1037 2093 1299 2146 Etruscos
1321 2092 1626 2146 intercedat
1645 2095 1739 2161 (cf.
1766 2093 1833 2148 Ο.
1847 2094 2022 2147 Muel-

185 2182 269 2236 ler
304 2182 525 2236 Etrusk.
547 2185 578 2238 I
614 2202 667 2255 p.
689 2184 805 2236 100.
847 2184 909 2239 G.
946 2184 1310 2237 Wachsmuth
1345 2185 1381 2238 l.
1403 2204 1442 2238 s,
1481 2202 1533 2254 p.
1561 2184 1798 2251 XXXI).
1867 2188 2024 2257 parui

188 2287 316 2328 sane
353 2275 461 2328 tale
497 2275 867 2328 testimonium
897 2275 1291 2328 aestimandum
1327 2283 1422 2343 est,
1460 2275 1558 2329 sed
1595 2276 1806 2329 etiamsi
1842 2277 2021 2330 omnia

184 2366 345 2420 finxit
377 2365 586 2435 Lydus,
622 2366 758 2420 haec
796 2366 854 2419 in
889 2367 1044 2421 libris
1082 2366 1279 2420 nostris
1320 2366 1567 2438 exposita
1605 2366 1772 2420 fuisse
1808 2368 2022 2440 reliqua

183 2457 494 2510 testimonia
529 2458 776 2530 probant.

352 2549 647 2602 Praeterea
687 2548 755 2601 de
801 2548 878 2601 eis
927 2548 1067 2601 nihil
1104 2553 1344 2602 constat:
1402 2566 1580 2620 neque
1630 2568 1736 2621 quo
1774 2557 2021 2620 tempore

186 2638 371 2712 scripti
425 2639 531 2692 sint
583 2638 690 2691 dici
747 2646 943 2710 potest.
1008 2658 1135 2691 nam
1174 2657 1295 2691 cum
1335 2637 1602 2708 Pompeio
1653 2639 1745 2706 (cf.
1783 2639 1846 2693 L.
1881 2639 2026 2693 Roth

182 2730 345 2783 leben
383 2730 433 2782 d.
473 2730 632 2783 Varr.
671 2749 724 2801 p.
749 2731 807 2781 11
832 2731 935 2801 sq.)
975 2748 1075 2801 per
1111 2729 1336 2800 triginta
1373 2748 1559 2798 annOS,
1610 2730 1738 2783 inde
1776 2731 1841 2783 ab
1882 2750 1928 2785 a.
1964 2751 2017 2784 u.

182 2819 594 2875 DCLXXVIII
644 2839 817 2891 usque
874 2821 942 2874 ad
998 2820 1211 2874 cladem
1261 2821 1650 2890 Pharsalicam,
1703 2822 2019 2875 coniunctus

184 2921 314 2979 erat,
349 2912 446 2966 sed
483 2914 714 2967 artiores
745 2913 879 2966 fines
912 2913 1123 2965 nullum
1154 2912 1416 2966 indicium
1442 2913 1643 2984 prodit.

341 3003 470 3057 Non
518 3003 806 3057 mediocris
851 3003 1225 3075 relliquiarum
1265 3003 1421 3075 copia
1467 3020 1539 3056 ex
1572 3003 1778 3074 Apulei
1816 3004 2017 3058 libellis

185 3078 253 3147 de
287 3101 416 3147 nota
453 3094 791 3165 aspirationis
841 3102 893 3147 et
929 3094 996 3147 de
1050 3093 1409 3166 diphthongis
1467 3093 1560 3162 (cf.
1599 3095 1643 3148 I.
1685 3095 1754 3149 N.
1795 3094 2022 3165 Madvig

184 3200 370 3255 opusc.
422 3185 573 3239 acad.
610 3205 663 3258 p.
683 3184 739 3256 3)
799 3185 1062 3239 accedere
1113 3186 1418 3256 uidebatur,
1477 3187 1569 3259 qui
1623 3187 1691 3241 de
1726 3195 1856 3241 nota
1904 3208 2015 3261 asp.

182 3291 236 3345 p.
261 3276 359 3329 107
382 3273 586 3331 Osann.
606 3275 912 3330 Varronem
948 3285 1003 3332 in
1039 3283 1163 3332 libro
1202 3285 1262 3332 de
1292 3286 1480 3346 oriqz'ne
1514 3285 1544 3331 Z.
1563 3284 1596 3332 l.
1636 3286 1690 3330 et
1712 3278 1779 3330 de
1809 3274 2017 3350 diphth.

183 3384 237 3437 p.
269 3366 368 3421 125
418 3367 651 3422 eundem
701 3376 757 3422 in
808 3374 951 3423 libris
989 3375 1048 3423 de
1085 3376 1272 3436 oriyine
1310 3374 1344 3422 Z.
1378 3375 1409 3422 l.
1450 3369 1646 3421 adfert.
1714 3369 2016 3422 accuratius

183 3462 367 3510 tamen
401 3457 693 3527 inquirenti
733 3477 844 3512 non
882 3459 1106 3513 dubium
1143 3468 1244 3528 est,
1281 3459 1414 3529 quin
1435 3459 1512 3512 sic
1538 3459 1708 3511 libros
1733 3459 1800 3511 de
1829 3459 2018 3530 lingua

185 3544 349 3598 latina
389 3547 628 3602 V—-VII
663 3549 1054 3619 significauerit
1093 3549 1184 3618 (cf.
1228 3549 1492 3620 Spengel.
1528 3568 1612 3618 ap.
1653 3550 2012 3603 Ritschelium
