2418 4048
1076 316 1139 362 53

195 463 355 536 cipue
395 461 712 531 diligentius
750 460 1034 515 excribere
1071 459 1326 531 dignatus
1375 461 1462 530 (fr.
1492 460 1603 530 60),
1659 466 1790 530 quot
1842 477 2032 513 accen-

195 562 279 608 tus
316 553 583 627 probandi
620 553 729 607 sint
768 561 821 606 et
857 571 994 623 quae
1033 553 1148 605 eius
1188 553 1258 606 sit
1292 561 1484 605 natura
1520 552 1576 605 in
1613 552 1931 606 uniuersum
1979 560 2033 604 et

145 686 163 697 i
196 663 381 699 earum
418 662 551 714 quas
592 662 777 698 omnes
815 643 1156 714 agnouerint.
1226 643 1372 712 quod
1411 643 1480 695 ad
1517 661 1805 695 numerum
1840 663 2028 716 proso-

196 735 408 790 diarum
444 735 654 788 adtinet
687 735 1114 788 Athenodorum·
1144 734 1564 807 peripateticum
1621 733 1770 803 duaS,
1820 734 2034 804 Diony-

195 828 336 882 sium
371 827 643 881 Thracem
689 835 799 880 tres
849 827 1145 879 secundum
1182 828 1256 881 M.
1295 826 1615 879 Terentium
1655 826 1918 899 probasse
1955 827 2033 878 le-

196 919 393 991 gimus,
442 919 850 990 Tyrannionem
904 936 1038 972 uero
1089 918 1413 972 Amisenum
1469 926 1722 988 quattuor
1763 918 2032 987 statuisse,

195 1018 414 1084 praeter
447 1019 558 1064 tres
595 1010 851 1063 nimirum
886 1011 1196 1064 notissimas
1234 1010 1467 1063 mediam
1501 1029 1640 1083 quae
1660 1010 1802 1063 inter
1821 1017 2030 1063 acutam

197 1111 251 1156 et
286 1121 522 1174 grauem>
549 1101 867 1174 interposita
903 1102 989 1170 sit,
1026 1101 1250 1170 eiusque
1286 1102 1590 1154 auctoritati
1626 1101 1928 1154 Varronem
1973 1119 2030 1154 se

195 1191 533 1266 adplicuisse.
561 1192 838 1263 multaque
877 1192 946 1244 ad
985 1210 1102 1244 eam
1142 1191 1544 1245 defendendam
1586 1191 1893 1264 protulisse.
1953 1210 2034 1244 se-

193 1284 331 1338 riem
367 1291 816 1354 argumentorum
852 1289 943 1335 aut
975 1303 1083 1336 non
1117 1283 1391 1336 intellexit
1429 1282 1655 1338 Seruius
1692 1290 1782 1335 aut
1821 1283 2032 1336 inuere-

178 1375 370 1428 cunde
404 1374 663 1444 confudit,
702 1393 839 1447 quae
875 1375 1007 1427 haec
1047 1374 1176 1427 fuit:
1246 1393 1370 1427 cum
1412 1373 1548 1426 nihil
1589 1373 1646 1426 in
1686 1381 1879 1426 natura
1918 1374 2034 1426 sine

194 1465 375 1520 media
420 1465 490 1519 sit
536 1473 708 1539 parte,
762 1466 898 1518 nulli
935 1466 1104 1536 igitur
1144 1465 1360 1538 corpori
1402 1482 1463 1516 ea
1502 1464 1658 1533 desit,
1704 1483 1816 1517 uox
1853 1473 2034 1518 autem

193 1557 264 1612 sit
302 1574 515 1628 corpuS,
552 1556 608 1609 in
646 1557 747 1609 hac
784 1575 999 1629 quoque
1040 1556 1274 1609 mediam
1312 1555 1627 1628 prosodiam
1663 1573 1781 1609 esse
1809 1555 2030 1610 debere.

194 1647 394 1702 deinde
433 1647 502 1701 de
537 1647 758 1717 musica,
809 1666 944 1718 quae
1001 1647 1048 1699 ei
1089 1647 1274 1718 imago
1311 1646 1600 1719 prosodiae
1644 1654 1743 1716 est,
1801 1646 1876 1700 sic
1916 1647 2033 1699 fere

193 1738 474 1812 scripsisse
513 1738 769 1792 traditur:
823 1738 1112 1792 ‘neminem
1154 1737 1418 1791 musicum
1472 1756 1609 1807 esse,
1666 1738 1755 1808 qui
1795 1739 2031 1791 mediam

191 1847 387 1894 uocem
421 1830 478 1883 in
516 1838 677 1883 cantu
714 1831 1054 1901 ignorauerit
1091 1849 1194 1884 nec
1222 1848 1548 1901 quemquam
1574 1830 1814 1901 potuisse
1846 1829 2030 1883 dicere

191 1920 253 1974 in
285 1923 428 1975 sono
447 1922 780 1976 ⁴chordarum
819 1931 910 1975 aut
945 1941 1083 1975 uoce
1121 1922 1375 1976 tibiarum
1393 1922 1436 1992 ¹)
1480 1940 1668 1975 assaue
1706 1922 1867 1991 (uoce
1895 1940 2029 1991 ‘qua-

192 2017 315 2065 rum
357 2012 532 2067 aliaue
583 2014 713 2080 cod.)
764 2031 898 2068 uoce
937 2014 1267 2067 cantantium
1309 2011 1478 2079 μέσην
1517 2011 1667 2082 0830,
1712 2012 1757 2066 si
1806 2031 1916 2065 non
1976 2012 2034 2065 in

193 2102 533 2172 emni'uocis
573 2113 763 2158 natura
801 2113 944 2158 esset
982 2105 1221 2157 medium
1259 2104 1589 2173 minimeque
1626 2104 1838 2172 mirum,
1876 2111 1937 2156 ut
1974 2103 2032 2155 in

358 2281 405 2335 1)
430 2281 510 2326 <Ita
540 2281 836 2326 scribendum
868 2286 951 2326 est.
983 2296 1091 2326 nam
1122 2296 1272 2338 neque
1303 2281 1391 2327 hoc
1421 2283 1526 2325 loco
1562 2280 1710 2324 Wasii
1743 2282 2030 2323 buccinarum

194 2376 283 2411 nec.
311 2363 468 2419 paullo
496 2362 688 2407 inferius
699 2363 1129 2408 Vindobonensium
1145 2367 1322 2408 cithara
1357 2365 1540 2407 auditur
1572 2365 1677 2419 quia
1710 2361 1927 2405 idoneum
1945 2363 2029 2404 est.

193 2442 351 2506 tibiae,
387 2456 503 2499 quae
534 2458 627 2487 uox
657 2443 799 2488 etiam
830 2444 949 2488 infra
979 2460 1022 2501 p.
1040 2444 1128 2488 533
1167 2449 1280 2488 tim‘a
1316 2444 1598 2498 (correctum
1629 2457 1685 2486 ex
1716 2442 1833 2497 uita)
1869 2440 2030 2485 scribi-

194 2525 285 2577 tur,
316 2522 366 2566 in
395 2523 466 2567 his
495 2524 634 2567 rebus
666 2508 834 2580 ubique
866 2530 1285 2580 conmemorantur,
1334 2529 1381 2568 et
1409 2525 1557 2568 Varro
1587 2523 1676 2568 hoc
1706 2524 1811 2567 loco
1843 2521 2027 2566 notissi-

193 2617 374 2648 morum
402 2617 681 2661 organorum
713 2605 996 2650 musicorum
1027 2605 1237 2662 exemplo
1270 2605 1586 2648 demonstrare
1613 2603 1729 2659 uolt,
1760 2603 1872 2659 quid
1890 2616 2029 2645 sonus

193 2683 372 2728 medius
404 2684 480 2740 sit.
514 2688 637 2744 μέση
672 2690 826 2730 autem
858 2686 1074 2743 primitus
1109 2686 1438 2730 nominabatur
1471 2685 1623 2729 media
1661 2684 1835 2729 chorda
1869 2683 2032 2739 hepta-

194 2764 359 2810 chordi
402 2764 590 2822 eiusque
632 2781 770 2810 sonus
818 2753 974 2823 (Varrss
1009 2768 1066 2810 de
1097 2769 1124 2811 1.
1157 2767 1186 2810 l.
1220 2767 1263 2810 X
1287 2766 1346 2811 46
1377 2783 1421 2824 p.
1446 2766 1545 2810 571.
1614 2766 1672 2810 cf.
1712 2765 1876 2822 fragm.
1923 2768 2034 2822 post

195 2846 433 2892 Censorin.
455 2846 859 2904 12,3p.901ahn.
901 2848 953 2892 R.
973 2849 1216 2906 Westphal
1248 2847 1489 2892 harmonik
1508 2863 1551 2892 u.
1586 2847 1751 2903 melop.
1786 2846 1828 2889 d.
1857 2845 2034 2903 griech.

131 2975 134 2978 ,
193 2941 238 2983 p.
260 2926 319 2971 84
344 2930 445 2984 sq),
489 2931 653 2985 postea
701 2932 802 2972 erat
843 2933 972 2973 certa
1015 2930 1176 2973 notula
1213 2928 1390 2973 musica
1422 2928 1624 2972 cuiusuis
1659 2927 1834 2983 organi,
1869 2941 2033 2982 quam-

195 3011 333 3064 quam
351 3007 509 3052 iamin
529 3009 814 3053 octachordo
845 3010 1050 3053 nondum
1083 3010 1236 3053 media
1268 3013 1384 3064 erat,
1421 3013 1474 3053 ut
1510 3013 1590 3052 aut
1619 3010 1822 3051 metuam
1862 3022 1917 3051 ne
1954 3021 2035 3050 no-

193 3101 302 3132 men
332 3087 479 3145 magis
514 3103 649 3144 quam
679 3104 777 3134 rem
806 3091 1065 3134 Varronem
1098 3091 1371 3148 respexerit,
1405 3094 1487 3134 aut
1513 3089 1589 3134 hic
1618 3102 1800 3145 quoque
1831 3087 2032 3144 uestigia

195 3166 442 3224 singularis
472 3169 795 3225 neglegentiae
827 3171 1076 3214 Seruianae
1114 3162 1348 3214 notandae
1391 3170 1497 3213 sint.
1529 3170 1626 3213 noli
1673 3172 1828 3212 autem
1869 3166 2032 3210 mirari

196 3248 319 3304 quod
350 3251 446 3292 tam
476 3249 697 3293 audacter
726 3252 814 3294 illa
852 3269 962 3308 qnae
993 3251 1040 3293 in
1073 3234 1201 3295 illum
1235 3255 1308 3308 qui
1330 3250 1531 3305 mutaui3
1565 3249 1614 3292 in
1636 3248 1886 3303 archetypo
1911 3246 2035 3288 enim

197 3343 222 3373 e
253 3343 346 3385 quo
375 3330 523 3374 codex
542 3329 824 3375 Lauantinus
844 3332 1103 3388 descriptus
1134 3339 1206 3375 est
1235 3332 1381 3375 uerba
1413 3331 1661 3374 admodum
1680 3327 1892 3372 breuiata
1913 3326 2032 3382 lego-

195 3411 381 3464 bantur,
424 3411 547 3454 unde
578 3413 825 3456 uerborum
867 3413 1017 3455 exitus
1057 3413 1325 3468 saepissime
1368 3416 1613 3467 corruptos
1648 3423 1746 3452 esse
1794 3408 2035 3451 adnotatio

198 3492 359 3533 nostra
386 3490 552 3535 critica
582 3491 732 3536 docet.
762 3507 868 3536 num
901 3496 1056 3535 autem
1089 3493 1136 3535 in
1183 3492 1401 3536 extremis
1444 3490 1598 3533 uerbis
1648 3492 1774 3532 recte
1809 3488 2030 3531 Varronis

199 3570 401 3612 mentem
434 3568 680 3614 adsecutus
713 3570 800 3614 sim
833 3570 912 3627 qui
942 3570 1010 3613 rei
1041 3570 1239 3614 musicae
1270 3585 1343 3615 me
1372 3569 1618 3626 peritiores
1653 3570 1761 3612 sunt
1791 3566 1993 3612 uideant.
