2280 4088
1026 329 1119 378 151

389 570 638 639 LIBRI
672 569 1020 641 V—-XXV
1070 566 1193 636 AD
1256 561 1776 636 CICERONEM

158 709 428 772 Qvole
463 709 622 758 v-X
661 707 940 757 SERVATI
975 706 1139 755 SVNT
1177 706 1247 755 IN
1283 703 1520 754 comcs
1562 701 1993 752 FLORENTINO

1041 875 1129 930 XI

97 1018 127 1068 8
329 1010 504 1064 Varro
542 1009 615 1064 ait
654 1027 859 1081 genera
894 1015 1103 1063 tantum
1133 996 1234 1062 ‘illa
1271 1026 1392 1063 esse
1432 1024 1569 1078 quae
1601 1013 1886 1079 generant.

0 1179 19 1224 '2
99 1181 127 1230 9
304 1163 472 1220 ‘Dicit
489 1124 668 1217 Varro
704 1163 911 1217 nullam
946 1182 1064 1217 rem
1098 1163 1386 1216 animalem
1427 1169 1620 1217 neutro
1657 1179 1864 1232 genere
1903 1161 1994 1214 de-

156 1255 362 1321 clinari.

65 1418 123 1469 10
308 1407 420 1463 ,Ait
454 1406 665 1462 Plinius
706 1404 1011 1475 Secundus,
1048 1407 1602 1477 secutusVarronem,
1642 1405 1859 1476 quando
1892 1405 1989 1457 du-

318 1576 359 1622 8.
389 1577 551 1634 Pomp.
585 1578 831 1620 comment.
863 1579 949 1620 art.
983 1575 1100 1620 Don.
1133 1576 1203 1632 11,
1225 1577 1250 1620 1
1280 1592 1325 1635 p.
1353 1575 1439 1621 143
1473 1575 1657 1620 Lindx
1682 1575 1870 1621 Varro
1905 1576 1994 1620 ait

155 1671 166 1682 .
198 1673 208 1683 .
242 1673 251 1682 .
284 1639 590 1695 generant.
655 1636 735 1679 illa
780 1636 970 1693 proprie
1013 1636 1235 1681 dicuntur
1265 1651 1452 1694 genera.
1515 1635 1641 1692 quod
1672 1635 1712 1680 si
1746 1649 1993 1692 sequemur

153 1697 482 1742 auctoritatem
513 1695 672 1752 ipsius,
712 1711 805 1739 non
834 1699 973 1740 erunt
1004 1710 1190 1753 genera,
1232 1697 1323 1740 nisi
1354 1695 1469 1740 duo:
1515 1695 1822 1740 masculinum
1854 1699 1901 1740 et
1928 1696 1993 1739 fe-

153 1757 392 1801 mininum.
457 1756 586 1799 nulla
618 1755 740 1799 enim
774 1769 947 1812 genera
978 1770 1135 1800 creare
1172 1759 1382 1813 possunt,
1414 1755 1505 1799 nisi
1541 1756 1658 1799 haec
1690 1756 1796 1799 duo.
1861 1755 1990 1800 Seru.

153 1816 350 1874 exposit.
392 1830 532 1872 super
573 1818 734 1871 partes
776 1814 977 1859 minores
1014 1831 1058 1872 p.
1087 1815 1172 1859 491
1214 1815 1373 1859 Lind.:
1424 1816 1613 1860 Varro
1660 1815 1778 1859 dicit
1818 1829 1990 1872 genera

0 1905 21 1944 ἱ
152 1876 282 1921 dicta
312 1890 340 1919 a
370 1875 652 1932 generando.
705 1874 928 1930 quicquid
969 1876 1092 1918 enim
1135 1875 1288 1932 gignit
1331 1875 1410 1919 uel
1447 1875 1670 1932 gignitur,
1713 1874 1801 1919 1108
1834 1879 1991 1931 potest

18 1967 23 1973 =
153 1949 299 1994 genus
330 1934 424 1979 dici
456 1937 505 1979 et
534 1949 680 1992 genus
711 1934 875 1978 facere.
933 1935 1059 1990 quod
1094 1934 1134 1978 si
1162 1949 1324 1978 uerum
1354 1938 1439 1988 est,
1470 1934 1598 1978 nulla
1626 1938 1786 1991 potest
1815 1949 1892 1978 res
1923 1934 1990 1978 in-

151 1998 338 2052 tegrum
366 2006 514 2052 genus
543 1994 715 2038 habere
746 1993 839 2036 nisi
868 1994 1173 2037 masculinum
1204 1998 1252 2038 et
1285 1994 1568 2038 femininum.
1605 1994 1734 2038 Seru.
1752 1994 1802 2037 in
1830 2009 1990 2039 secun-

152 2055 261 2100 dam
288 2054 463 2098 Donati
495 2054 606 2099 edit.
643 2067 806 2098 comm.
839 2069 881 2110 p.
901 2053 1016 2097 1782
1043 2054 1118 2096 P.:
1165 2068 1336 2111 genera
1382 2054 1508 2098 dicta
1542 2058 1648 2097 sunt
1681 2055 1738 2097 ab
1781 2067 1836 2097 eo
1867 2055 1992 2110 quod

153 2117 382 2172 generant
413 2116 552 2170 atque
585 2113 693 2157 ideo
726 2117 910 2156 tantum
942 2113 1033 2156 duo
1066 2116 1175 2157 sunt
1218 2127 1392 2170 genera
1431 2114 1731 2171 principalia:
1780 2114 1993 2158 masculi—

150 2189 262 2218 num
307 2177 357 2218 et
403 2173 689 2227 femininum,
741 2172 789 2215 hi
836 2173 959 2216 enim
1001 2187 1137 2216 sexus
1187 2176 1370 2216 tantum
1417 2176 1654 2231 generant.
1727 2173 1931 2218 Prisc.V
1965 2174 1989 2217 1

150 2248 196 2291 p.
215 2232 386 2289 141,4:
419 2247 594 2290 genera
623 2232 863 2276 nominum
893 2232 1171 2289 principalia
1199 2236 1308 2276 sunt
1339 2234 1445 2288 duo,
1477 2247 1594 2289 quae
1626 2233 1724 2276 sola
1754 2233 1889 2277 nouit
1920 2248 1991 2277 ra·

150 2292 219 2337 tio
253 2296 470 2336 naturae:
501 2293 808 2336 masculinum
841 2295 890 2335 et
918 2291 1202 2335 femininum.
1245 2306 1419 2348 genera
1449 2293 1573 2337 enim
1601 2293 1822 2337 dicuntur
1853 2307 1881 2335 a
1911 2307 1988 2350 ge-

151 2352 357 2397 nerando
387 2353 577 2409 proprie
623 2365 741 2408 quae
781 2365 1004 2408 generare
1038 2354 1248 2408 possunt,
1300 2367 1418 2408 quae
1455 2356 1565 2396 sunt
1605 2352 1912 2396 masculinum
1943 2356 1991 2396 et

150 2411 433 2456 femininum.
495 2411 604 2455 Isid.
638 2412 754 2467 orig.
788 2410 810 2453 Ι
832 2410 874 2467 6,
897 2410 978 2455 33;
1025 2425 1197 2468 genera
1227 2411 1353 2456 dicta
1383 2416 1492 2456 sunt
1523 2412 1631 2469 quia
1662 2416 1903 2470 generent,
1937 2415 1990 2456 ut

151 2471 457 2517 umculinum
489 2475 538 2516 et
569 2471 855 2515 femininum.

316 2551 357 2596 9.
393 2550 581 2597 Cledon.
622 2566 667 2608 p.
692 2549 808 2594 1897
827 2549 903 2593 P.:
952 2549 1117 2594 Ostrea
1166 2551 1205 2594 si
1245 2550 1423 2608 primae
1473 2551 1797 2604 declinationis
1843 2552 1988 2596 fuerit

151 2608 270 2672 sicut
299 2625 444 2666 musa,
473 2610 696 2654 feminino
727 2624 897 2667 genere
928 2609 1255 2666 declinabitur,
1292 2613 1345 2654 ut
1377 2611 1437 2655 ad
1467 2612 1674 2656 animans
1706 2612 1985 2668 referamus3

151 2669 192 2714 si
221 2669 280 2714 ad
309 2673 495 2726 testam,
529 2673 735 2714 ostreum
770 2669 1018 2713 dicendum
1054 2674 1125 2715 est
1156 2674 1322 2715 neutro
1357 2685 1529 2728 genere
1563 2675 1611 2716 et
1641 2672 1700 2715 ad
1732 2671 1982 2716 secundam

150 2728 521 2787 declinationem,
553 2734 606 2773 ut
627 2730 688 2772 sit
710 2729 843 2772 huius
875 2730 1032 2786 ostrei,
1069 2731 1189 2775 sicut
1222 2730 1351 2774 ostri.
1385 2731 1491 2787 quia
1520 2730 1877 2776 (licitVarro
1911 2765 1920 2775 .
1941 2765 1949 2774 .
1974 2764 1983 2775 .

151 2785 466 2834 declinari.
528 2793 586 2846 cf.
617 2789 746 2833 Seru.
780 2803 939 2846 expos.
970 2789 1087 2833 Don.
1120 2805 1165 2847 p.
1187 2789 1273 2833 492
1291 2790 1423 2834 Lind.
1466 2791 1615 2848 Caper
1639 2791 1696 2834 de
1718 2792 1848 2835 uerb.
1874 2790 1983 2835 dub.

150 2862 196 2907 p.
215 2846 334 2894 2249
349 2848 422 2893 R:
456 2853 611 2893 ostrea
643 2851 691 2892 et
721 2852 914 2904 ostreaS,
957 2848 1064 2905 quia
1101 2850 1280 2894 nullum
1322 2850 1492 2894 animal
1533 2851 1733 2908 speciale
1764 2854 1982 2895 neutrum

153 2907 234 2952 881..
298 2906 428 2953 Char.
461 2924 506 2966 p.
524 2907 598 2964 57,
616 2906 698 2951 24:
734 2908 848 2952 haec
879 2910 1036 2952 'ostrea
1066 2908 1288 2953 feminino
1324 2924 1496 2967 genere
1531 2910 1755 2968 singulari
1789 2925 1981 2954 numero

152 2981 210 3010 an
243 2967 345 3012 hoc.
374 2972 580 3013 ostreum
618 2967 820 3011 neutrali
861 2967 1109 3012 dicendum
1149 2969 1210 3012 sit
1242 2970 1493 3025 quaeritur.
1559 2976 1606 3014 et
1639 2970 1837 3015 dicenda
1868 2970 1985 3014 haec

153 3029 308 3072 ostrea.
335 3027 553 3072 feminine
585 3027 808 3085 singulari
840 3042 1049 3084 numero,
1081 3029 1188 3086 quia
1221 3029 1290 3073 ita
1320 3030 1377 3073 ab
1404 3030 1600 3074 eruditis
1631 3044 1726 3074 non
1756 3045 1874 3074 uane
1907 3030 1984 3072 ad-

151 3083 363 3189 potlatum
411 3091 495 3144 est,
542 3087 713 3131 nullius
756 3086 966 3131 animalis
1015 3088 1215 3146 speciale
1259 3103 1429 3133 nomen
1473 3089 1675 3133 inueniri
1715 3090 1840 3146 quod
1875 3103 1984 3133 neu-

175 3157 228 3189 ra
246 3159 272 3190 e
306 3146 381 3191 sit.

317 3227 387 3274 10.
420 3227 581 3285 Pomp.
616 3241 782 3273 comm.
811 3230 900 3272 art.
932 3229 1050 3273 Don.
1089 3229 1159 3284 11,
1186 3229 1215 3273 7
1244 3245 1290 3286 p.
1309 3228 1398 3274 154
1416 3229 1573 3273 Lind.:
1607 3229 1712 3273 Ait
1745 3228 1984 3272 Plinius

155 3319 167 3329 .
201 3320 215 3329 .
244 3319 255 3330 .
290 3287 423 3345 prin
437 3287 530 3344 cip
544 3288 632 3331 ale
662 3302 812 3345 genu
825 3302 858 3330 s.
889 3292 1004 3345 puta
1034 3290 1174 3332 arbor
1203 3289 1372 3346 ignorq
1404 3289 1533 3332 cuius
1565 3288 1748 3344 generis
1783 3289 1859 3332 sit.
1907 3289 1981 3332 fac

152 3343 479 3393 diminutiuum
509 3347 770 3402 arbuscula,
807 3361 915 3391 ecce
947 3348 1055 3391 hinc
1087 3348 1321 3406 intellegis
1340 3352 1388 3392 et
1404 3347 1664 3405 principale
1685 3362 1830 3405 genus
1848 3348 1982 3404 quale

322 3509 351 3554 4
390 3521 496 3555 esse
527 3523 685 3569 supra
721 3509 899 3558 lineam
936 3513 1039 3561 cod.
1070 3513 1476 3575 Semyemanens.
1498 3516 1630 3562 1180
1653 3523 1779 3560 saec.
1807 3510 1986 3559 VIIII

154 3578 236 3630 uel
273 3577 326 3626 X
350 3570 378 3642 ΙΙ
412 3578 440 3624 5
481 3577 662 3627 dicitur
702 3580 807 3628 cod.
842 3583 998 3632 Bern.
1022 3585 1128 3632 380
1162 3599 1289 3633 saec.
1321 3582 1399 3630 VI
1425 3584 1505 3632 uel
1549 3583 1658 3632 VII
1678 3583 1702 3639 ΙΙ
