<?xml version="1.0" encoding="UTF-8"?>
<!DOCTYPE html PUBLIC "-//W3C//DTD XHTML 1.0 Transitional//EN"
    "http://www.w3.org/TR/xhtml1/DTD/xhtml1-transitional.dtd">
<html xmlns="http://www.w3.org/1999/xhtml" xml:lang="en" lang="en">
 <head>
  <title>
</title>
<meta http-equiv="Content-Type" content="text/html;charset=utf-8" />
  <meta name='ocr-system' content='tesseract 3.04.00' />
  <meta name='ocr-capabilities' content='ocr_page ocr_carea ocr_par ocr_line ocrx_word'/>
</head>
<body>
  <div class='ocr_page' id='page_1' title='image "./demterentivarron00wilmuoft_0189.png"; bbox 0 0 2280 4088; ppageno 0'>
   <div class='ocr_carea' id='block_1_1' title="bbox 1040 294 1137 342">
    <p class='ocr_par' dir='ltr' id='par_1_1' title="bbox 1040 294 1137 342">
     <span class='ocr_line' id='line_1_1' title="bbox 1040 294 1137 342; baseline 0.01 -1"><span class='ocrx_word' id='word_1_1' title='bbox 1040 294 1137 342; x_wconf 87' lang='lat'><strong>177</strong></span> 
     </span>
    </p>
   </div>
   <div class='ocr_carea' id='block_1_2' title="bbox 90 440 2018 3318">
    <p class='ocr_par' dir='ltr' id='par_1_2' title="bbox 118 440 2014 786">
     <span class='ocr_line' id='line_1_2' title="bbox 118 440 2010 514; baseline -0.002 -18"><span class='ocrx_word' id='word_1_2' title='bbox 118 453 180 506; x_wconf 81' lang='grc'><strong>47</strong></span> <span class='ocrx_word' id='word_1_3' title='bbox 321 441 446 496; x_wconf 90' lang='lat' dir='ltr'><strong>Non</strong></span> <span class='ocrx_word' id='word_1_4' title='bbox 486 450 632 496; x_wconf 88' lang='lat' dir='ltr'><strong>caret</strong></span> <span class='ocrx_word' id='word_1_5' title='bbox 670 441 983 514; x_wconf 83' lang='lat' dir='ltr'><strong>quaestione</strong></span> <span class='ocrx_word' id='word_1_6' title='bbox 1024 440 1189 494; x_wconf 87' lang='lat' dir='ltr'><strong>etiam</strong></span> <span class='ocrx_word' id='word_1_7' title='bbox 1226 440 1384 513; x_wconf 81' lang='lat' dir='ltr'>plebs</span> <span class='ocrx_word' id='word_1_8' title='bbox 1420 448 1476 493; x_wconf 89' lang='lat' dir='ltr'><strong>et</strong></span> <span class='ocrx_word' id='word_1_9' title='bbox 1522 441 1654 495; x_wconf 91' lang='lat' dir='ltr'><strong>urbs</strong></span> <span class='ocrx_word' id='word_1_10' title='bbox 1696 448 1749 494; x_wconf 91' lang='lat' dir='ltr'><strong>et</strong></span> <span class='ocrx_word' id='word_1_11' title='bbox 1789 440 2010 514; x_wconf 68' lang='lat' dir='ltr'><strong>P‘elopS,</strong></span> 
     </span>
     <span class='ocr_line' id='line_1_3' title="bbox 178 531 2010 604; baseline -0.001 -19"><span class='ocrx_word' id='word_1_12' title='bbox 178 550 313 604; x_wconf 89' lang='lat' dir='ltr'><strong>quae</strong></span> <span class='ocrx_word' id='word_1_13' title='bbox 352 532 528 586; x_wconf 86' lang='lat' dir='ltr'><strong>Varro</strong></span> <span class='ocrx_word' id='word_1_14' title='bbox 575 533 650 585; x_wconf 90' lang='lat' dir='ltr'><strong>ita</strong></span> <span class='ocrx_word' id='word_1_15' title='bbox 712 531 1001 603; x_wconf 83' lang='lat' dir='ltr'><strong>distinguit</strong></span> <span class='ocrx_word' id='word_1_16' title='bbox 1049 539 1110 584; x_wconf 92' lang='lat' dir='ltr'><strong>ut</strong></span> <span class='ocrx_word' id='word_1_17' title='bbox 1156 549 1258 604; x_wconf 90' lang='lat' dir='ltr'><strong>per</strong></span> <span class='ocrx_word' id='word_1_18' title='bbox 1293 532 1341 585; x_wconf 93' lang='lat' dir='ltr'>B</span> <span class='ocrx_word' id='word_1_19' title='bbox 1381 538 1435 584; x_wconf 89' lang='lat' dir='ltr'><strong>et</strong></span> <span class='ocrx_word' id='word_1_20' title='bbox 1472 531 1511 587; x_wconf 82' lang='lat' dir='ltr'>S</span> <span class='ocrx_word' id='word_1_21' title='bbox 1563 550 1627 585; x_wconf 89' lang='lat' dir='ltr'><strong>ea</strong></span> <span class='ocrx_word' id='word_1_22' title='bbox 1672 531 2010 585; x_wconf 90' lang='lat' dir='ltr'><strong>nominatiuo</strong></span> 
     </span>
     <span class='ocr_line' id='line_1_4' title="bbox 175 621 2009 695; baseline 0 -20"><span class='ocrx_word' id='word_1_23' title='bbox 175 641 299 676; x_wconf 86' lang='lat' dir='ltr'><strong>casu</strong></span> <span class='ocrx_word' id='word_1_24' title='bbox 334 630 486 695; x_wconf 86' lang='lat' dir='ltr'><strong>putet</strong></span> <span class='ocrx_word' id='word_1_25' title='bbox 522 641 640 677; x_wconf 86' lang='lat' dir='ltr'><strong>esse</strong></span> <span class='ocrx_word' id='word_1_26' title='bbox 682 622 991 691; x_wconf 86' lang='lat' dir='ltr'><strong>scribenda,</strong></span> <span class='ocrx_word' id='word_1_27' title='bbox 1029 640 1166 692; x_wconf 90' lang='lat' dir='ltr'><strong>quae</strong></span> <span class='ocrx_word' id='word_1_28' title='bbox 1207 621 1435 676; x_wconf 86' lang='lat' dir='ltr'><strong>eandem</strong></span> <span class='ocrx_word' id='word_1_29' title='bbox 1472 622 1710 675; x_wconf 82' lang='lat' dir='ltr'><strong>litteram</strong></span> <span class='ocrx_word' id='word_1_30' title='bbox 1749 623 2009 693; x_wconf 84' lang='lat' dir='ltr'><strong>genetiuo</strong></span> 
     </span>
     <span class='ocr_line' id='line_1_5' title="bbox 170 712 2014 786; baseline -0.001 -20"><span class='ocrx_word' id='word_1_31' title='bbox 170 712 403 766; x_wconf 85' lang='lat' dir='ltr'><strong>reddant</strong></span> <span class='ocrx_word' id='word_1_32' title='bbox 439 721 500 766; x_wconf 91' lang='lat' dir='ltr'><strong>ut</strong></span> <span class='ocrx_word' id='word_1_33' title='bbox 533 715 690 786; x_wconf 85' lang='lat' dir='ltr'><strong>plebs</strong></span> <span class='ocrx_word' id='word_1_34' title='bbox 728 714 903 785; x_wconf 87' lang='lat' dir='ltr'><strong>plebis</strong></span> <span class='ocrx_word' id='word_1_35' title='bbox 937 714 1067 767; x_wconf 87' lang='lat' dir='ltr'><strong>urbs</strong></span> <span class='ocrx_word' id='word_1_36' title='bbox 1106 713 1274 781; x_wconf 79' lang='lat' dir='ltr'><strong>urbiS,</strong></span> <span class='ocrx_word' id='word_1_37' title='bbox 1323 731 1387 767; x_wconf 88' lang='lat' dir='ltr'><strong>ca</strong></span> <span class='ocrx_word' id='word_1_38' title='bbox 1417 731 1549 766; x_wconf 88' lang='lat' dir='ltr'><strong>uero</strong></span> <span class='ocrx_word' id='word_1_39' title='bbox 1594 731 1694 785; x_wconf 88' lang='lat' dir='ltr'><strong>per</strong></span> <span class='ocrx_word' id='word_1_40' title='bbox 1731 713 1835 783; x_wconf 83' lang='lat' dir='ltr'><strong>PS,</strong></span> <span class='ocrx_word' id='word_1_41' title='bbox 1880 732 2014 784; x_wconf 91' lang='lat' dir='ltr'><strong>quae</strong></span> 
     </span>
    </p>

    <p class='ocr_par' dir='ltr' id='par_1_3' title="bbox 122 802 2015 966">
     <span class='ocr_line' id='line_1_6' title="bbox 122 802 2015 876; baseline -0.002 -16"><span class='ocrx_word' id='word_1_42' title='bbox 122 815 151 860; x_wconf 84' lang='lat'>5</span> <span class='ocrx_word' id='word_1_43' title='bbox 175 803 425 858; x_wconf 82' lang='lat' dir='ltr'><strong>similiter</strong></span> <span class='ocrx_word' id='word_1_44' title='bbox 463 805 722 876; x_wconf 84' lang='lat' dir='ltr'><strong>genetiuo</strong></span> <span class='ocrx_word' id='word_1_45' title='bbox 765 805 1008 858; x_wconf 87' lang='lat' dir='ltr'><strong>eiusdem</strong></span> <span class='ocrx_word' id='word_1_46' title='bbox 1044 804 1259 858; x_wconf 86' lang='lat' dir='ltr'><strong>numeri</strong></span> <span class='ocrx_word' id='word_1_47' title='bbox 1278 803 1334 857; x_wconf 91' lang='lat' dir='ltr'><strong>in</strong></span> <span class='ocrx_word' id='word_1_48' title='bbox 1356 802 1474 859; x_wconf 83' lang='lat' dir='ltr'><strong>PIS</strong></span> <span class='ocrx_word' id='word_1_49' title='bbox 1503 811 1799 858; x_wconf 83' lang='lat' dir='ltr'><strong>excurrant</strong></span> <span class='ocrx_word' id='word_1_50' title='bbox 1836 812 1895 857; x_wconf 91' lang='lat' dir='ltr'><strong>ut</strong></span> <span class='ocrx_word' id='word_1_51' title='bbox 1912 805 2015 859; x_wconf 88' lang='lat' dir='ltr'><strong>Pe-</strong></span> 
     </span>
     <span class='ocr_line' id='line_1_7' title="bbox 172 895 1166 966; baseline 0.002 -18"><span class='ocrx_word' id='word_1_52' title='bbox 172 895 307 966; x_wconf 81' lang='lat' dir='ltr'><strong>lops·</strong></span> <span class='ocrx_word' id='word_1_53' title='bbox 333 895 573 966; x_wconf 86' lang='lat' dir='ltr'><strong>Pelopis.</strong></span> <span class='ocrx_word' id='word_1_54' title='bbox 1162 899 1166 902; x_wconf 81' lang='grc'><strong>’</strong></span> 
     </span>
    </p>

    <p class='ocr_par' dir='ltr' id='par_1_4' title="bbox 182 1011 287 1036">
     <span class='ocr_line' id='line_1_8' title="bbox 182 1011 287 1036; baseline 0 -17"><span class='ocrx_word' id='word_1_55' title='bbox 182 1011 227 1036; x_wconf 51' lang='lat'><strong>„¹</strong></span> <span class='ocrx_word' id='word_1_56' title='bbox 285 1023 287 1032; x_wconf 26' lang='lat' dir='ltr'><em>s</em></span> 
     </span>
    </p>

    <p class='ocr_par' dir='ltr' id='par_1_5' title="bbox 172 1048 2016 1110">
     <span class='ocr_line' id='line_1_9' title="bbox 172 1048 2016 1110; baseline 0.001 -17"><span class='ocrx_word' id='word_1_57' title='bbox 172 1048 365 1109; x_wconf 85' lang='lat' dir='ltr'><strong>ponitur</strong></span> <span class='ocrx_word' id='word_1_58' title='bbox 397 1049 565 1103; x_wconf 89' lang='lat' dir='ltr'><strong>uocali‚</strong></span> <span class='ocrx_word' id='word_1_59' title='bbox 601 1053 715 1095; x_wconf 93' lang='lat' dir='ltr'><strong>tunc</strong></span> <span class='ocrx_word' id='word_1_60' title='bbox 749 1052 980 1109; x_wconf 78' lang='lat' dir='ltr'><strong>accipitur</strong></span> <span class='ocrx_word' id='word_1_61' title='bbox 1009 1067 1098 1110; x_wconf 92' lang='lat' dir='ltr'><strong>pro</strong></span> <span class='ocrx_word' id='word_1_62' title='bbox 1135 1050 1425 1103; x_wconf 87' lang='lat' dir='ltr'><strong>consonanti,</strong></span> <span class='ocrx_word' id='word_1_63' title='bbox 1470 1051 1524 1094; x_wconf 90' lang='lat' dir='ltr'><strong>ut</strong></span> <span class='ocrx_word' id='word_1_64' title='bbox 1565 1052 1638 1094; x_wconf 90' lang='lat' dir='ltr'><strong>est</strong></span> <span class='ocrx_word' id='word_1_65' title='bbox 1670 1051 1833 1110; x_wconf 84' lang='lat' dir='ltr'><strong>anguis</strong></span> <span class='ocrx_word' id='word_1_66' title='bbox 1868 1051 2016 1096; x_wconf 79' lang='lat' dir='ltr'><strong>extin-</strong></span> 
     </span>
    </p>

    <p class='ocr_par' dir='ltr' id='par_1_6' title="bbox 171 1108 2018 1169">
     <span class='ocr_line' id='line_1_10' title="bbox 171 1108 2018 1169; baseline 0.002 -17"><span class='ocrx_word' id='word_1_67' title='bbox 171 1108 277 1167; x_wconf 71' lang='lat' dir='ltr'><strong>g&#39;uit</strong></span> <span class='ocrx_word' id='word_1_68' title='bbox 305 1108 467 1167; x_wconf 82' lang='lat' dir='ltr'><strong>lingua</strong></span> <span class='ocrx_word' id='word_1_69' title='bbox 495 1110 661 1166; x_wconf 89' lang='lat' dir='ltr'><strong>peluis,</strong></span> <span class='ocrx_word' id='word_1_70' title='bbox 689 1111 739 1154; x_wconf 91' lang='lat' dir='ltr'><strong>in</strong></span> <span class='ocrx_word' id='word_1_71' title='bbox 771 1110 942 1156; x_wconf 88' lang='lat' dir='ltr'><strong>‘uuido&#39;</strong></span> <span class='ocrx_word' id='word_1_72' title='bbox 976 1113 1099 1156; x_wconf 88' lang='lat' dir='ltr'><strong>enim</strong></span> <span class='ocrx_word' id='word_1_73' title='bbox 1132 1112 1264 1169; x_wconf 89' lang='lat' dir='ltr'><strong>prior</strong></span> <span class='ocrx_word' id='word_1_74' title='bbox 1292 1110 1334 1156; x_wconf 84' lang='lat' dir='ltr'><strong>V</strong></span> <span class='ocrx_word' id='word_1_75' title='bbox 1364 1110 1541 1155; x_wconf 90' lang='lat' dir='ltr'><strong>uocalis</strong></span> <span class='ocrx_word' id='word_1_76' title='bbox 1577 1113 1663 1163; x_wconf 90' lang='lat' dir='ltr'><strong>est,</strong></span> <span class='ocrx_word' id='word_1_77' title='bbox 1714 1125 1910 1167; x_wconf 89' lang='lat' dir='ltr'><strong>sequens</strong></span> <span class='ocrx_word' id='word_1_78' title='bbox 1942 1112 2018 1155; x_wconf 88' lang='lat' dir='ltr'><strong>cui</strong></span> 
     </span>
    </p>

    <p class='ocr_par' dir='ltr' id='par_1_7' title="bbox 174 1163 2014 1288">
     <span class='ocr_line' id='line_1_11' title="bbox 174 1163 2014 1229; baseline 0.001 -16"><span class='ocrx_word' id='word_1_79' title='bbox 174 1167 395 1219; x_wconf 77' lang='lat' dir='ltr'><strong>subiecta.</strong></span> <span class='ocrx_word' id='word_1_80' title='bbox 417 1171 490 1213; x_wconf 82' lang='lat' dir='ltr'><strong>est</strong></span> <span class='ocrx_word' id='word_1_81' title='bbox 520 1163 543 1212; x_wconf 89' lang='lat' dir='ltr'>I</span> <span class='ocrx_word' id='word_1_82' title='bbox 573 1185 850 1217; x_wconf 78' lang='lat' dir='ltr'><strong>consonans.</strong></span> <span class='ocrx_word' id='word_1_83' title='bbox 913 1177 971 1229; x_wconf 83' lang='lat' dir='ltr'><strong>cf.</strong></span> <span class='ocrx_word' id='word_1_84' title='bbox 1002 1172 1156 1217; x_wconf 86' lang='lat' dir='ltr'><strong>Diom.</strong></span> <span class='ocrx_word' id='word_1_85' title='bbox 1191 1186 1237 1228; x_wconf 90' lang='lat' dir='ltr'><strong>p.</strong></span> <span class='ocrx_word' id='word_1_86' title='bbox 1256 1172 1445 1222; x_wconf 81' lang='lat'><strong>422,19.</strong></span> <span class='ocrx_word' id='word_1_87' title='bbox 1478 1172 1580 1223; x_wconf 84' lang='lat'><strong>425,</strong></span> <span class='ocrx_word' id='word_1_88' title='bbox 1596 1173 1669 1214; x_wconf 86' lang='grc'><strong>32.</strong></span> <span class='ocrx_word' id='word_1_89' title='bbox 1701 1171 1969 1224; x_wconf 80' lang='lat' dir='ltr'><strong>Donat.12‚</strong></span> <span class='ocrx_word' id='word_1_90' title='bbox 1993 1175 2014 1215; x_wconf 93' lang='lat'>1</span> 
     </span>
     <span class='ocr_line' id='line_1_12' title="bbox 207 1228 2014 1288; baseline 0.001 -14"><span class='ocrx_word' id='word_1_91' title='bbox 207 1261 219 1274; x_wconf 82' lang='grc'><strong>.</strong></span> <span class='ocrx_word' id='word_1_92' title='bbox 250 1230 379 1275; x_wconf 86' lang='grc'><strong>1735.</strong></span> <span class='ocrx_word' id='word_1_93' title='bbox 449 1228 613 1286; x_wconf 89' lang='lat' dir='ltr'><strong>Pomp.</strong></span> <span class='ocrx_word' id='word_1_94' title='bbox 655 1245 820 1276; x_wconf 79' lang='lat' dir='ltr'><strong>comm.</strong></span> <span class='ocrx_word' id='word_1_95' title='bbox 853 1233 942 1274; x_wconf 87' lang='lat' dir='ltr'><strong>art.</strong></span> <span class='ocrx_word' id='word_1_96' title='bbox 974 1230 1094 1274; x_wconf 92' lang='lat' dir='ltr'><strong>Don.</strong></span> <span class='ocrx_word' id='word_1_97' title='bbox 1127 1231 1150 1273; x_wconf 93' lang='lat' dir='ltr'>I</span> <span class='ocrx_word' id='word_1_98' title='bbox 1180 1234 1236 1275; x_wconf 87' lang='lat'><strong>73</strong></span> <span class='ocrx_word' id='word_1_99' title='bbox 1305 1265 1314 1273; x_wconf 94' lang='lat'><strong>.</strong></span> <span class='ocrx_word' id='word_1_100' title='bbox 1342 1233 1398 1273; x_wconf 87' lang='grc'><strong>21</strong></span> <span class='ocrx_word' id='word_1_101' title='bbox 1430 1229 1566 1274; x_wconf 91' lang='lat' dir='ltr'><strong>Lind.</strong></span> <span class='ocrx_word' id='word_1_102' title='bbox 1600 1230 1730 1288; x_wconf 84' lang='lat' dir='ltr'><strong>Serg.</strong></span> <span class='ocrx_word' id='word_1_103' title='bbox 1759 1246 1805 1287; x_wconf 89' lang='lat' dir='ltr'><strong>p.</strong></span> <span class='ocrx_word' id='word_1_104' title='bbox 1829 1234 1940 1275; x_wconf 80' lang='lat'>1827</span> <span class='ocrx_word' id='word_1_105' title='bbox 1963 1231 2014 1275; x_wconf 87' lang='grc' dir='ltr'><strong>Ρ.</strong></span> 
     </span>
    </p>

    <p class='ocr_par' dir='ltr' id='par_1_8' title="bbox 166 1242 1936 1346">
     <span class='ocr_line' id='line_1_13' title="bbox 166 1242 1936 1346; baseline 0.001 -14"><span class='ocrx_word' id='word_1_106' title='bbox 166 1242 364 1333; x_wconf 59' lang='lat' dir='ltr'><strong>gladon.</strong></span> <span class='ocrx_word' id='word_1_107' title='bbox 399 1294 446 1345; x_wconf 87' lang='lat' dir='ltr'><strong>p.</strong></span> <span class='ocrx_word' id='word_1_108' title='bbox 467 1290 594 1333; x_wconf 79' lang='lat'><strong>1882.</strong></span> <span class='ocrx_word' id='word_1_109' title='bbox 660 1289 831 1334; x_wconf 86' lang='lat' dir='ltr'><strong>Donat.</strong></span> <span class='ocrx_word' id='word_1_110' title='bbox 863 1289 923 1333; x_wconf 90' lang='lat' dir='ltr'><strong>ad</strong></span> <span class='ocrx_word' id='word_1_111' title='bbox 954 1288 1143 1334; x_wconf 85' lang='lat' dir='ltr'><strong>Terent.</strong></span> <span class='ocrx_word' id='word_1_112' title='bbox 1174 1245 1320 1333; x_wconf 56' lang='lat' dir='ltr'><strong>Andliz</strong></span> <span class='ocrx_word' id='word_1_113' title='bbox 1352 1289 1375 1331; x_wconf 92' lang='grc' dir='ltr'>Ι</span> <span class='ocrx_word' id='word_1_114' title='bbox 1405 1292 1446 1341; x_wconf 83' lang='grc'><strong>2,</strong></span> <span class='ocrx_word' id='word_1_115' title='bbox 1479 1293 1521 1334; x_wconf 85' lang='grc'><strong>2.</strong></span> <span class='ocrx_word' id='word_1_116' title='bbox 1585 1288 1715 1333; x_wconf 87' lang='lat' dir='ltr'><strong>Beda</strong></span> <span class='ocrx_word' id='word_1_117' title='bbox 1747 1292 1936 1346; x_wconf 81' lang='lat' dir='ltr'><strong>p.2335.</strong></span> 
     </span>
    </p>

    <p class='ocr_par' dir='ltr' id='par_1_9' title="bbox 188 1348 2015 1406">
     <span class='ocr_line' id='line_1_14' title="bbox 188 1348 2015 1406; baseline 0.001 -14"><span class='ocrx_word' id='word_1_118' title='bbox 188 1376 192 1403; x_wconf 71' lang='lat'><strong>⁴.</strong></span> <span class='ocrx_word' id='word_1_119' title='bbox 275 1381 277 1386; x_wconf 54' lang='grc'>,</span> <span class='ocrx_word' id='word_1_120' title='bbox 307 1381 309 1383; x_wconf 87' lang='grc'>-</span> <span class='ocrx_word' id='word_1_121' title='bbox 333 1349 414 1392; x_wconf 81' lang='lat'><strong>47.</strong></span> <span class='ocrx_word' id='word_1_122' title='bbox 472 1348 579 1402; x_wconf 72' lang='lat' dir='ltr'><strong>Ter.</strong></span> <span class='ocrx_word' id='word_1_123' title='bbox 598 1349 758 1393; x_wconf 84' lang='lat' dir='ltr'><strong>Scaur.</strong></span> <span class='ocrx_word' id='word_1_124' title='bbox 778 1365 823 1406; x_wconf 87' lang='lat' dir='ltr'><strong>p.</strong></span> <span class='ocrx_word' id='word_1_125' title='bbox 843 1352 985 1394; x_wconf 81' lang='lat'>2261:</span> <span class='ocrx_word' id='word_1_126' title='bbox 1020 1349 1293 1404; x_wconf 80' lang='lat' dir='ltr'><strong>Quaesitum</strong></span> <span class='ocrx_word' id='word_1_127' title='bbox 1324 1351 1397 1391; x_wconf 89' lang='lat' dir='ltr'><strong>est</strong></span> <span class='ocrx_word' id='word_1_128' title='bbox 1428 1348 1611 1404; x_wconf 80' lang='lat' dir='ltr'><strong>hiemps</strong></span> <span class='ocrx_word' id='word_1_129' title='bbox 1641 1352 1802 1393; x_wconf 81' lang='lat' dir='ltr'><strong>utrum</strong></span> <span class='ocrx_word' id='word_1_130' title='bbox 1830 1364 1917 1406; x_wconf 90' lang='lat' dir='ltr'><strong>per</strong></span> <span class='ocrx_word' id='word_1_131' title='bbox 1946 1349 2015 1394; x_wconf 72' lang='grc' dir='ltr'><strong>ΡΞ</strong></span> 
     </span>
    </p>

    <p class='ocr_par' dir='ltr' id='par_1_10' title="bbox 90 1407 2016 1466">
     <span class='ocr_line' id='line_1_15' title="bbox 90 1407 2016 1466; baseline 0.002 -16"><span class='ocrx_word' id='word_1_132' title='bbox 90 1464 92 1466; x_wconf 12' lang='lat'>³</span> <span class='ocrx_word' id='word_1_133' title='bbox 174 1421 235 1451; x_wconf 88' lang='lat' dir='ltr'><strong>an</strong></span> <span class='ocrx_word' id='word_1_134' title='bbox 263 1421 350 1464; x_wconf 87' lang='lat' dir='ltr'><strong>per</strong></span> <span class='ocrx_word' id='word_1_135' title='bbox 363 1407 445 1452; x_wconf 90' lang='lat' dir='ltr'><strong>MS</strong></span> <span class='ocrx_word' id='word_1_136' title='bbox 465 1407 660 1453; x_wconf 81' lang='lat' dir='ltr'><strong>deberet</strong></span> <span class='ocrx_word' id='word_1_137' title='bbox 691 1409 847 1462; x_wconf 88' lang='lat' dir='ltr'><strong>scribi,</strong></span> <span class='ocrx_word' id='word_1_138' title='bbox 867 1423 973 1452; x_wconf 90' lang='lat' dir='ltr'><strong>cum</strong></span> <span class='ocrx_word' id='word_1_139' title='bbox 1006 1409 1182 1465; x_wconf 88' lang='lat' dir='ltr'><strong>alioqui</strong></span> <span class='ocrx_word' id='word_1_140' title='bbox 1215 1407 1410 1453; x_wconf 91' lang='lat' dir='ltr'><strong>dubium</strong></span> <span class='ocrx_word' id='word_1_141' title='bbox 1438 1421 1534 1451; x_wconf 90' lang='lat' dir='ltr'><strong>non</strong></span> <span class='ocrx_word' id='word_1_142' title='bbox 1563 1408 1637 1461; x_wconf 86' lang='lat' dir='ltr'><strong>sit,</strong></span> <span class='ocrx_word' id='word_1_143' title='bbox 1683 1409 1795 1464; x_wconf 90' lang='lat' dir='ltr'><strong>quin</strong></span> <span class='ocrx_word' id='word_1_144' title='bbox 1821 1423 1906 1466; x_wconf 89' lang='lat' dir='ltr'><strong>per</strong></span> <span class='ocrx_word' id='word_1_145' title='bbox 1935 1409 2016 1453; x_wconf 81' lang='lat' dir='ltr'><strong>MS</strong></span> 
     </span>
    </p>

    <p class='ocr_par' dir='ltr' id='par_1_11' title="bbox 70 1466 2016 1526">
     <span class='ocr_line' id='line_1_16' title="bbox 175 1466 2016 1526; baseline 0.001 -14.946"><span class='ocrx_word' id='word_1_146' title='bbox 175 1466 423 1511; x_wconf 83' lang='lat' dir='ltr'><strong>scribenda</strong></span> <span class='ocrx_word' id='word_1_147' title='bbox 456 1470 532 1521; x_wconf 89' lang='lat' dir='ltr'><strong>sit,</strong></span> <span class='ocrx_word' id='word_1_148' title='bbox 566 1468 786 1524; x_wconf 91' lang='lat' dir='ltr'><strong>quoniam</strong></span> <span class='ocrx_word' id='word_1_149' title='bbox 816 1469 1038 1526; x_wconf 87' lang='lat' dir='ltr'><strong>genetiuo</strong></span> <span class='ocrx_word' id='word_1_150' title='bbox 1068 1467 1238 1512; x_wconf 82' lang='lat' dir='ltr'><strong>hiemis</strong></span> <span class='ocrx_word' id='word_1_151' title='bbox 1269 1467 1412 1511; x_wconf 82' lang='lat' dir='ltr'><strong>faciat</strong></span> <span class='ocrx_word' id='word_1_152' title='bbox 1458 1470 1503 1510; x_wconf 84' lang='lat' dir='ltr'><strong>et</strong></span> <span class='ocrx_word' id='word_1_153' title='bbox 1536 1468 1754 1523; x_wconf 89' lang='lat' dir='ltr'><strong>quoniam</strong></span> <span class='ocrx_word' id='word_1_154' title='bbox 1783 1481 1869 1524; x_wconf 89' lang='lat' dir='ltr'><strong>per</strong></span> <span class='ocrx_word' id='word_1_155' title='bbox 1899 1469 1935 1511; x_wconf 91' lang='lat' dir='ltr'>P</span> <span class='ocrx_word' id='word_1_156' title='bbox 1969 1473 2016 1512; x_wconf 90' lang='lat' dir='ltr'><strong>et</strong></span> 
     </span>
    </p>

    <p class='ocr_par' dir='ltr' id='par_1_12' title="bbox 173 1525 2018 1586">
     <span class='ocr_line' id='line_1_17' title="bbox 173 1525 2018 1586; baseline 0.001 -15"><span class='ocrx_word' id='word_1_157' title='bbox 173 1525 203 1571; x_wconf 84' lang='lat' dir='ltr'>S</span> <span class='ocrx_word' id='word_1_158' title='bbox 238 1540 292 1570; x_wconf 87' lang='grc'><strong>66</strong></span> <span class='ocrx_word' id='word_1_159' title='bbox 329 1527 608 1581; x_wconf 77' lang='lat' dir='ltr'><strong>scribantur,</strong></span> <span class='ocrx_word' id='word_1_160' title='bbox 660 1543 778 1585; x_wconf 89' lang='lat' dir='ltr'><strong>quae</strong></span> <span class='ocrx_word' id='word_1_161' title='bbox 830 1528 956 1585; x_wconf 90' lang='lat' dir='ltr'><strong>apud</strong></span> <span class='ocrx_word' id='word_1_162' title='bbox 1002 1542 1194 1586; x_wconf 86' lang='lat' dir='ltr'><strong>graecos</strong></span> <span class='ocrx_word' id='word_1_163' title='bbox 1242 1532 1290 1571; x_wconf 79' lang='lat' dir='ltr'><strong>in</strong></span> <span class='ocrx_word' id='word_1_164' title='bbox 1328 1534 1376 1571; x_wconf 91' lang='grc' dir='ltr'><em>Ψ</em></span> <span class='ocrx_word' id='word_1_165' title='bbox 1414 1527 1648 1570; x_wconf 86' lang='lat' dir='ltr'><strong>desinunt.</strong></span> <span class='ocrx_word' id='word_1_166' title='bbox 1710 1528 1829 1571; x_wconf 89' lang='lat' dir='ltr'><strong>hanc</strong></span> <span class='ocrx_word' id='word_1_167' title='bbox 1859 1531 2018 1572; x_wconf 89' lang='lat' dir='ltr'><strong>autem</strong></span> 
     </span>
    </p>

    <p class='ocr_par' dir='ltr' id='par_1_13' title="bbox 162 1585 2016 1643">
     <span class='ocr_line' id='line_1_18' title="bbox 162 1585 2016 1643; baseline 0.002 -14"><span class='ocrx_word' id='word_1_168' title='bbox 162 1585 349 1642; x_wconf 28' lang='lat' dir='ltr'><strong>&#39;inonsin</strong></span> <span class='ocrx_word' id='word_1_169' title='bbox 383 1593 432 1641; x_wconf 81' lang='grc' dir='ltr'><em>Ψ</em></span> <span class='ocrx_word' id='word_1_170' title='bbox 451 1587 664 1632; x_wconf 83' lang='lat' dir='ltr'><strong>desinere</strong></span> <span class='ocrx_word' id='word_1_171' title='bbox 694 1587 995 1633; x_wconf 86' lang='lat' dir='ltr'><strong>manifestum</strong></span> <span class='ocrx_word' id='word_1_172' title='bbox 1029 1592 1101 1637; x_wconf 86' lang='lat' dir='ltr'><strong>est</strong></span> <span class='ocrx_word' id='word_1_173' title='bbox 1132 1590 1190 1633; x_wconf 78' lang='lat' dir='ltr'><strong>ex</strong></span> <span class='ocrx_word' id='word_1_174' title='bbox 1221 1601 1277 1631; x_wconf 89' lang='lat' dir='ltr'><strong>eo</strong></span> <span class='ocrx_word' id='word_1_175' title='bbox 1309 1587 1436 1643; x_wconf 91' lang='lat' dir='ltr'><strong>quod</strong></span> <span class='ocrx_word' id='word_1_176' title='bbox 1466 1601 1586 1643; x_wconf 83' lang='lat' dir='ltr'><strong>quae</strong></span> <span class='ocrx_word' id='word_1_177' title='bbox 1617 1586 1699 1631; x_wconf 88' lang='lat' dir='ltr'><strong>illa</strong></span> <span class='ocrx_word' id='word_1_178' title='bbox 1726 1586 1890 1631; x_wconf 90' lang='lat' dir='ltr'><strong>littera</strong></span> <span class='ocrx_word' id='word_1_179' title='bbox 1922 1592 2016 1632; x_wconf 91' lang='lat' dir='ltr'><strong>ter-</strong></span> 
     </span>
    </p>

    <p class='ocr_par' dir='ltr' id='par_1_14' title="bbox 172 1647 2017 1704">
     <span class='ocr_line' id='line_1_19' title="bbox 172 1647 2017 1704; baseline 0.001 -15"><span class='ocrx_word' id='word_1_180' title='bbox 172 1647 413 1690; x_wconf 83' lang='lat' dir='ltr'><strong>minantur</strong></span> <span class='ocrx_word' id='word_1_181' title='bbox 462 1650 543 1690; x_wconf 92' lang='lat' dir='ltr'><strong>aut</strong></span> <span class='ocrx_word' id='word_1_182' title='bbox 590 1648 639 1690; x_wconf 91' lang='lat' dir='ltr'><strong>in</strong></span> <span class='ocrx_word' id='word_1_183' title='bbox 681 1665 768 1697; x_wconf 80' lang='grc' dir='ltr'><strong>πος</strong></span> <span class='ocrx_word' id='word_1_184' title='bbox 813 1651 867 1691; x_wconf 91' lang='lat' dir='ltr'><strong>ut</strong></span> <span class='ocrx_word' id='word_1_185' title='bbox 900 1651 1069 1704; x_wconf 80' lang='grc' dir='ltr'><em>Πέλοψ</em></span> <span class='ocrx_word' id='word_1_186' title='bbox 1104 1650 1322 1695; x_wconf 79' lang='grc' dir='ltr'><em>Πέλοπος</em></span> <span class='ocrx_word' id='word_1_187' title='bbox 1363 1650 1444 1690; x_wconf 89' lang='lat' dir='ltr'><strong>aut</strong></span> <span class='ocrx_word' id='word_1_188' title='bbox 1484 1648 1534 1690; x_wconf 89' lang='grc'><strong>111</strong></span> <span class='ocrx_word' id='word_1_189' title='bbox 1564 1649 1645 1702; x_wconf 85' lang='grc' dir='ltr'><strong>βος</strong></span> <span class='ocrx_word' id='word_1_190' title='bbox 1685 1647 1918 1701; x_wconf 90' lang='lat' dir='ltr'><strong>desinunt,</strong></span> <span class='ocrx_word' id='word_1_191' title='bbox 1963 1652 2017 1691; x_wconf 90' lang='lat' dir='ltr'><strong>ut</strong></span> 
     </span>
    </p>

    <p class='ocr_par' dir='ltr' id='par_1_15' title="bbox 157 1702 2017 1766">
     <span class='ocr_line' id='line_1_20' title="bbox 157 1702 2017 1766; baseline 0.002 -17"><span class='ocrx_word' id='word_1_192' title='bbox 157 1707 308 1765; x_wconf 69' lang='grc' dir='ltr'><strong><em>’φλέψ</em></strong></span> <span class='ocrx_word' id='word_1_193' title='bbox 343 1702 525 1766; x_wconf 82' lang='grc' dir='ltr'><em>φλεβός,</em></span> <span class='ocrx_word' id='word_1_194' title='bbox 559 1707 707 1751; x_wconf 85' lang='lat' dir='ltr'><strong>hiems</strong></span> <span class='ocrx_word' id='word_1_195' title='bbox 740 1710 898 1751; x_wconf 89' lang='lat' dir='ltr'><strong>autem</strong></span> <span class='ocrx_word' id='word_1_196' title='bbox 931 1711 1150 1752; x_wconf 89' lang='lat' dir='ltr'><strong>neutram</strong></span> <span class='ocrx_word' id='word_1_197' title='bbox 1178 1706 1347 1750; x_wconf 89' lang='lat' dir='ltr'><strong>harum</strong></span> <span class='ocrx_word' id='word_1_198' title='bbox 1372 1705 1658 1763; x_wconf 85' lang='lat' dir='ltr'><strong>syllabarum</strong></span> <span class='ocrx_word' id='word_1_199' title='bbox 1687 1707 1869 1763; x_wconf 89' lang='lat' dir='ltr'><strong>recipit.</strong></span> <span class='ocrx_word' id='word_1_200' title='bbox 1901 1708 2017 1752; x_wconf 89' lang='lat' dir='ltr'><strong>item</strong></span> 
     </span>
    </p>

    <p class='ocr_par' dir='ltr' id='par_1_16' title="bbox 171 1766 2015 1826">
     <span class='ocr_line' id='line_1_21' title="bbox 171 1766 2015 1826; baseline 0.002 -17"><span class='ocrx_word' id='word_1_201' title='bbox 171 1779 266 1809; x_wconf 85' lang='lat' dir='ltr'><strong>non</strong></span> <span class='ocrx_word' id='word_1_202' title='bbox 293 1769 494 1820; x_wconf 73' lang='lat' dir='ltr'><strong>constat,</strong></span> <span class='ocrx_word' id='word_1_203' title='bbox 529 1768 781 1811; x_wconf 89' lang='lat' dir='ltr'><strong>obscurum</strong></span> <span class='ocrx_word' id='word_1_204' title='bbox 811 1770 972 1811; x_wconf 84' lang='lat' dir='ltr'><strong>utrum</strong></span> <span class='ocrx_word' id='word_1_205' title='bbox 1003 1786 1082 1826; x_wconf 82' lang='lat' dir='ltr'><strong>per</strong></span> <span class='ocrx_word' id='word_1_206' title='bbox 1132 1778 1191 1810; x_wconf 83' lang='lat'><strong>013</strong></span> <span class='ocrx_word' id='word_1_207' title='bbox 1235 1782 1296 1810; x_wconf 90' lang='lat' dir='ltr'><strong>an</strong></span> <span class='ocrx_word' id='word_1_208' title='bbox 1334 1781 1420 1823; x_wconf 90' lang='lat' dir='ltr'><strong>per</strong></span> <span class='ocrx_word' id='word_1_209' title='bbox 1451 1775 1509 1810; x_wconf 80' lang='lat'><strong>01²</strong></span> <span class='ocrx_word' id='word_1_210' title='bbox 1541 1766 1712 1810; x_wconf 88' lang='lat' dir='ltr'><strong>debeat</strong></span> <span class='ocrx_word' id='word_1_211' title='bbox 1743 1768 1898 1821; x_wconf 87' lang='lat' dir='ltr'><strong>scribi,</strong></span> <span class='ocrx_word' id='word_1_212' title='bbox 1929 1782 2015 1812; x_wconf 91' lang='lat' dir='ltr'><strong>nec</strong></span> 
     </span>
    </p>

    <p class='ocr_par' dir='ltr' id='par_1_17' title="bbox 172 1824 2016 1944">
     <span class='ocr_line' id='line_1_22' title="bbox 172 1824 2016 1880; baseline 0.002 -12"><span class='ocrx_word' id='word_1_213' title='bbox 172 1824 326 1868; x_wconf 84' lang='lat' dir='ltr'><strong>minus</strong></span> <span class='ocrx_word' id='word_1_214' title='bbox 356 1826 555 1870; x_wconf 88' lang='lat' dir='ltr'><strong>obseruo</strong></span> <span class='ocrx_word' id='word_1_215' title='bbox 592 1826 773 1880; x_wconf 89' lang='lat' dir='ltr'><strong>obsido,</strong></span> <span class='ocrx_word' id='word_1_216' title='bbox 807 1841 913 1871; x_wconf 90' lang='lat' dir='ltr'><strong>cum</strong></span> <span class='ocrx_word' id='word_1_217' title='bbox 941 1827 992 1870; x_wconf 91' lang='lat' dir='ltr'><strong>in</strong></span> <span class='ocrx_word' id='word_1_218' title='bbox 1021 1827 1116 1871; x_wconf 91' lang='lat' dir='ltr'><strong>illis</strong></span> <span class='ocrx_word' id='word_1_219' title='bbox 1147 1827 1184 1870; x_wconf 92' lang='lat' dir='ltr'>B</span> <span class='ocrx_word' id='word_1_220' title='bbox 1217 1825 1379 1870; x_wconf 87' lang='lat' dir='ltr'><strong>littera</strong></span> <span class='ocrx_word' id='word_1_221' title='bbox 1410 1826 1656 1871; x_wconf 89' lang='lat' dir='ltr'><strong>euidenter</strong></span> <span class='ocrx_word' id='word_1_222' title='bbox 1688 1841 1853 1870; x_wconf 88' lang='lat' dir='ltr'><strong>sonum</strong></span> <span class='ocrx_word' id='word_1_223' title='bbox 1882 1843 2016 1871; x_wconf 89' lang='lat' dir='ltr'><strong>suum</strong></span> 
     </span>
     <span class='ocr_line' id='line_1_23' title="bbox 172 1884 2015 1944; baseline 0.002 -16"><span class='ocrx_word' id='word_1_224' title='bbox 172 1884 397 1929; x_wconf 87' lang='lat' dir='ltr'><strong>uindicet.</strong></span> <span class='ocrx_word' id='word_1_225' title='bbox 456 1900 571 1929; x_wconf 89' lang='lat' dir='ltr'><strong>non</strong></span> <span class='ocrx_word' id='word_1_226' title='bbox 604 1890 779 1931; x_wconf 88' lang='lat' dir='ltr'><strong>caret</strong></span> <span class='ocrx_word' id='word_1_227' title='bbox 810 1920 847 1932; x_wconf 82' lang='grc'><strong>..</strong></span> <span class='ocrx_word' id='word_1_228' title='bbox 871 1921 880 1930; x_wconf 94' lang='grc'><strong>.</strong></span> <span class='ocrx_word' id='word_1_229' title='bbox 914 1886 1135 1944; x_wconf 86' lang='lat' dir='ltr'><strong>Pelops</strong></span> <span class='ocrx_word' id='word_1_230' title='bbox 1167 1885 1426 1942; x_wconf 90' lang='lat' dir='ltr'><strong>Pelopis.</strong></span> <span class='ocrx_word' id='word_1_231' title='bbox 1493 1886 1575 1929; x_wconf 87' lang='lat' dir='ltr'><strong>sed</strong></span> <span class='ocrx_word' id='word_1_232' title='bbox 1597 1886 1732 1930; x_wconf 88' lang='lat' dir='ltr'><strong>nobis</strong></span> <span class='ocrx_word' id='word_1_233' title='bbox 1764 1890 2015 1944; x_wconf 89' lang='lat' dir='ltr'><strong>utrumque</strong></span> 
     </span>
    </p>

    <p class='ocr_par' dir='ltr' id='par_1_18' title="bbox 159 1941 2013 2003">
     <span class='ocr_line' id='line_1_24' title="bbox 159 1941 2013 2003; baseline 0.002 -15"><span class='ocrx_word' id='word_1_234' title='bbox 159 1945 260 2002; x_wconf 83' lang='lat' dir='ltr'><strong>&#39;per</strong></span> <span class='ocrx_word' id='word_1_235' title='bbox 288 1941 358 1988; x_wconf 84' lang='lat' dir='ltr'><strong>PS</strong></span> <span class='ocrx_word' id='word_1_236' title='bbox 389 1944 582 1988; x_wconf 89' lang='lat' dir='ltr'><strong>uidetur</strong></span> <span class='ocrx_word' id='word_1_237' title='bbox 613 1959 714 1990; x_wconf 87' lang='lat' dir='ltr'><strong>esse</strong></span> <span class='ocrx_word' id='word_1_238' title='bbox 747 1947 1061 1999; x_wconf 87' lang='lat' dir='ltr'><strong>scribendum,</strong></span> <span class='ocrx_word' id='word_1_239' title='bbox 1106 1946 1324 2003; x_wconf 90' lang='lat' dir='ltr'><strong>quoniam</strong></span> <span class='ocrx_word' id='word_1_240' title='bbox 1352 1960 1410 1989; x_wconf 88' lang='lat' dir='ltr'><strong>ex</strong></span> <span class='ocrx_word' id='word_1_241' title='bbox 1441 1944 1513 1988; x_wconf 87' lang='lat' dir='ltr'><strong>his</strong></span> <span class='ocrx_word' id='word_1_242' title='bbox 1549 1951 1597 1989; x_wconf 97' lang='grc' dir='ltr'><em>Ψ</em></span> <span class='ocrx_word' id='word_1_243' title='bbox 1620 1944 1782 1991; x_wconf 86' lang='lat' dir='ltr'><strong>littera</strong></span> <span class='ocrx_word' id='word_1_244' title='bbox 1813 1951 2013 2001; x_wconf 90' lang='lat' dir='ltr'><strong>constet,</strong></span> 
     </span>
    </p>

    <p class='ocr_par' dir='ltr' id='par_1_19' title="bbox 171 2004 2014 2065">
     <span class='ocr_line' id='line_1_25' title="bbox 171 2004 2014 2065; baseline 0.002 -18"><span class='ocrx_word' id='word_1_245' title='bbox 171 2017 311 2060; x_wconf 86' lang='lat' dir='ltr'><strong>quam</strong></span> <span class='ocrx_word' id='word_1_246' title='bbox 339 2005 561 2063; x_wconf 86' lang='lat' dir='ltr'><strong>genetiuo</strong></span> <span class='ocrx_word' id='word_1_247' title='bbox 593 2005 793 2050; x_wconf 86' lang='lat' dir='ltr'><strong>diximus</strong></span> <span class='ocrx_word' id='word_1_248' title='bbox 829 2009 910 2050; x_wconf 90' lang='lat' dir='ltr'><strong>aut</strong></span> <span class='ocrx_word' id='word_1_249' title='bbox 941 2006 990 2050; x_wconf 91' lang='lat' dir='ltr'><strong>in</strong></span> <span class='ocrx_word' id='word_1_250' title='bbox 1020 2017 1096 2049; x_wconf 83' lang='lat' dir='ltr'><strong>BIS</strong></span> <span class='ocrx_word' id='word_1_251' title='bbox 1129 2008 1211 2049; x_wconf 89' lang='lat' dir='ltr'><strong>aut</strong></span> <span class='ocrx_word' id='word_1_252' title='bbox 1242 2006 1291 2049; x_wconf 90' lang='lat' dir='ltr'><strong>in</strong></span> <span class='ocrx_word' id='word_1_253' title='bbox 1314 2016 1385 2048; x_wconf 81' lang='lat' dir='ltr'><strong>Pls</strong></span> <span class='ocrx_word' id='word_1_254' title='bbox 1418 2005 1559 2050; x_wconf 85' lang='lat' dir='ltr'><strong>exire.</strong></span> <span class='ocrx_word' id='word_1_255' title='bbox 1593 2004 1860 2050; x_wconf 85' lang='lat' dir='ltr'><strong>Cassiodori</strong></span> <span class='ocrx_word' id='word_1_256' title='bbox 1876 2006 2014 2065; x_wconf 88' lang='lat' dir='ltr'><strong>Papi-</strong></span> 
     </span>
    </p>

    <p class='ocr_par' dir='ltr' id='par_1_20' title="bbox 159 2063 2011 2244">
     <span class='ocr_line' id='line_1_26' title="bbox 170 2063 2011 2124; baseline 0.002 -17"><span class='ocrx_word' id='word_1_257' title='bbox 170 2063 288 2121; x_wconf 70' lang='lat' dir='ltr'><strong>i&#39;ian‘.</strong></span> <span class='ocrx_word' id='word_1_258' title='bbox 314 2078 362 2120; x_wconf 91' lang='lat' dir='ltr'><strong>p.</strong></span> <span class='ocrx_word' id='word_1_259' title='bbox 378 2063 495 2110; x_wconf 76' lang='lat'>2291</span> <span class='ocrx_word' id='word_1_260' title='bbox 510 2063 564 2108; x_wconf 88' lang='lat' dir='ltr'><strong>P.</strong></span> <span class='ocrx_word' id='word_1_261' title='bbox 595 2068 777 2122; x_wconf 79' lang='lat' dir='ltr'><strong>p.5781³</strong></span> <span class='ocrx_word' id='word_1_262' title='bbox 812 2066 993 2110; x_wconf 88' lang='lat' dir='ltr'><strong>Garet.:</strong></span> <span class='ocrx_word' id='word_1_263' title='bbox 1039 2068 1171 2123; x_wconf 89' lang='lat' dir='ltr'><strong>traps</strong></span> <span class='ocrx_word' id='word_1_264' title='bbox 1215 2066 1273 2109; x_wconf 91' lang='lat' dir='ltr'><strong>ab</strong></span> <span class='ocrx_word' id='word_1_265' title='bbox 1314 2079 1368 2109; x_wconf 91' lang='lat' dir='ltr'><strong>eo</strong></span> <span class='ocrx_word' id='word_1_266' title='bbox 1403 2065 1529 2121; x_wconf 87' lang='lat' dir='ltr'><strong>quod</strong></span> <span class='ocrx_word' id='word_1_267' title='bbox 1569 2064 1745 2124; x_wconf 87' lang='lat' dir='ltr'><strong>dicitur</strong></span> <span class='ocrx_word' id='word_1_268' title='bbox 1776 2066 1926 2111; x_wconf 88' lang='lat' dir='ltr'><strong>trabis</strong></span> <span class='ocrx_word' id='word_1_269' title='bbox 1964 2070 2011 2111; x_wconf 91' lang='lat' dir='ltr'><strong>et</strong></span> 
     </span>
     <span class='ocr_line' id='line_1_27' title="bbox 159 2123 2002 2188; baseline 0.002 -22"><span class='ocrx_word' id='word_1_270' title='bbox 159 2123 286 2180; x_wconf 74' lang='lat' dir='ltr'><strong>³u1·ps</strong></span> <span class='ocrx_word' id='word_1_271' title='bbox 331 2137 420 2180; x_wconf 88' lang='lat' dir='ltr'><strong>per</strong></span> <span class='ocrx_word' id='word_1_272' title='bbox 462 2123 499 2167; x_wconf 91' lang='lat' dir='ltr'>P</span> <span class='ocrx_word' id='word_1_273' title='bbox 540 2125 714 2169; x_wconf 87' lang='lat' dir='ltr'><strong>debent</strong></span> <span class='ocrx_word' id='word_1_274' title='bbox 755 2126 921 2179; x_wconf 87' lang='lat' dir='ltr'><strong>scribi,</strong></span> <span class='ocrx_word' id='word_1_275' title='bbox 968 2126 1082 2169; x_wconf 82' lang='lat' dir='ltr'><strong>licet</strong></span> <span class='ocrx_word' id='word_1_276' title='bbox 1128 2125 1316 2170; x_wconf 89' lang='lat' dir='ltr'><strong>Varro</strong></span> <span class='ocrx_word' id='word_1_277' title='bbox 1359 2139 1445 2181; x_wconf 90' lang='lat' dir='ltr'><strong>per</strong></span> <span class='ocrx_word' id='word_1_278' title='bbox 1486 2124 1523 2167; x_wconf 89' lang='lat' dir='ltr'><strong>B</strong></span> <span class='ocrx_word' id='word_1_279' title='bbox 1565 2123 1813 2169; x_wconf 88' lang='lat' dir='ltr'><strong>scribenda</strong></span> <span class='ocrx_word' id='word_1_280' title='bbox 1851 2130 2002 2188; x_wconf 89' lang='lat' dir='ltr'><strong>putet,</strong></span> 
     </span>
     <span class='ocr_line' id='line_1_28' title="bbox 170 2182 2005 2244; baseline 0.003 -18"><span class='ocrx_word' id='word_1_281' title='bbox 170 2182 296 2240; x_wconf 70' lang='lat' dir='ltr'><strong>quod</strong></span> <span class='ocrx_word' id='word_1_282' title='bbox 322 2182 374 2226; x_wconf 90' lang='lat' dir='ltr'><strong>in</strong></span> <span class='ocrx_word' id='word_1_283' title='bbox 402 2183 596 2240; x_wconf 85' lang='lat' dir='ltr'><strong>reliquis</strong></span> <span class='ocrx_word' id='word_1_284' title='bbox 631 2184 814 2229; x_wconf 86' lang='lat' dir='ltr'><strong>casibus</strong></span> <span class='ocrx_word' id='word_1_285' title='bbox 833 2185 871 2228; x_wconf 93' lang='lat' dir='ltr'><strong>B</strong></span> <span class='ocrx_word' id='word_1_286' title='bbox 890 2186 1109 2230; x_wconf 89' lang='lat' dir='ltr'><strong>habeant.</strong></span> <span class='ocrx_word' id='word_1_287' title='bbox 1150 2185 1233 2229; x_wconf 89' lang='lat' dir='ltr'><strong>sed</strong></span> <span class='ocrx_word' id='word_1_288' title='bbox 1265 2187 1425 2228; x_wconf 89' lang='lat' dir='ltr'><strong>tamen</strong></span> <span class='ocrx_word' id='word_1_289' title='bbox 1452 2198 1558 2227; x_wconf 90' lang='lat' dir='ltr'><strong>cum</strong></span> <span class='ocrx_word' id='word_1_290' title='bbox 1582 2190 1630 2229; x_wconf 90' lang='grc' dir='ltr'><em>Ψ</em></span> <span class='ocrx_word' id='word_1_291' title='bbox 1653 2184 1816 2229; x_wconf 89' lang='lat' dir='ltr'><strong>littera</strong></span> <span class='ocrx_word' id='word_1_292' title='bbox 1835 2198 2005 2244; x_wconf 84' lang='lat' dir='ltr'><strong>graeca</strong></span> 
     </span>
    </p>

    <p class='ocr_par' dir='ltr' id='par_1_21' title="bbox 167 2241 2004 2303">
     <span class='ocr_line' id='line_1_29' title="bbox 167 2241 2004 2303; baseline 0.003 -18"><span class='ocrx_word' id='word_1_293' title='bbox 167 2241 299 2286; x_wconf 89' lang='lat' dir='ltr'><strong>nullo</strong></span> <span class='ocrx_word' id='word_1_294' title='bbox 332 2243 472 2288; x_wconf 91' lang='lat' dir='ltr'><strong>modo</strong></span> <span class='ocrx_word' id='word_1_295' title='bbox 501 2243 753 2289; x_wconf 89' lang='lat' dir='ltr'><strong>transferri</strong></span> <span class='ocrx_word' id='word_1_296' title='bbox 785 2246 996 2302; x_wconf 88' lang='lat' dir='ltr'><strong>potuerit</strong></span> <span class='ocrx_word' id='word_1_297' title='bbox 1027 2245 1078 2288; x_wconf 91' lang='lat' dir='ltr'><strong>in</strong></span> <span class='ocrx_word' id='word_1_298' title='bbox 1112 2259 1249 2288; x_wconf 89' lang='lat' dir='ltr'><strong>usum</strong></span> <span class='ocrx_word' id='word_1_299' title='bbox 1278 2247 1495 2288; x_wconf 90' lang='lat' dir='ltr'><strong>nostrum</strong></span> <span class='ocrx_word' id='word_1_300' title='bbox 1526 2246 1574 2287; x_wconf 90' lang='lat' dir='ltr'><strong>et</strong></span> <span class='ocrx_word' id='word_1_301' title='bbox 1608 2244 1680 2288; x_wconf 90' lang='lat' dir='ltr'><strong>uis</strong></span> <span class='ocrx_word' id='word_1_302' title='bbox 1719 2245 1817 2289; x_wconf 91' lang='lat' dir='ltr'><strong>eius</strong></span> <span class='ocrx_word' id='word_1_303' title='bbox 1849 2261 1934 2303; x_wconf 89' lang='lat' dir='ltr'><strong>per</strong></span> <span class='ocrx_word' id='word_1_304' title='bbox 1967 2246 2004 2290; x_wconf 91' lang='lat' dir='ltr'>P</span> 
     </span>
    </p>

    <p class='ocr_par' dir='ltr' id='par_1_22' title="bbox 168 2301 2009 2363">
     <span class='ocr_line' id='line_1_30' title="bbox 168 2301 2009 2363; baseline 0.002 -17"><span class='ocrx_word' id='word_1_305' title='bbox 168 2304 216 2346; x_wconf 82' lang='lat' dir='ltr'><strong>e&#39;t</strong></span> <span class='ocrx_word' id='word_1_306' title='bbox 233 2302 261 2349; x_wconf 87' lang='lat' dir='ltr'>S</span> <span class='ocrx_word' id='word_1_307' title='bbox 278 2301 462 2347; x_wconf 84' lang='lat' dir='ltr'><strong>litteras</strong></span> <span class='ocrx_word' id='word_1_308' title='bbox 478 2303 731 2358; x_wconf 68' lang='lat' dir='ltr'><strong>scribatur,</strong></span> <span class='ocrx_word' id='word_1_309' title='bbox 762 2305 1078 2349; x_wconf 87' lang='lat' dir='ltr'><strong>necessarium</strong></span> <span class='ocrx_word' id='word_1_310' title='bbox 1109 2307 1195 2356; x_wconf 87' lang='lat' dir='ltr'><strong>est,</strong></span> <span class='ocrx_word' id='word_1_311' title='bbox 1218 2307 1272 2347; x_wconf 92' lang='lat' dir='ltr'><strong>ut</strong></span> <span class='ocrx_word' id='word_1_312' title='bbox 1294 2304 1375 2348; x_wconf 91' lang='lat' dir='ltr'><strong>ubi</strong></span> <span class='ocrx_word' id='word_1_313' title='bbox 1392 2310 1440 2348; x_wconf 89' lang='grc' dir='ltr'><em>Ψ</em></span> <span class='ocrx_word' id='word_1_314' title='bbox 1455 2318 1676 2361; x_wconf 84' lang='lat' dir='ltr'><strong>graecum</strong></span> <span class='ocrx_word' id='word_1_315' title='bbox 1711 2308 1860 2359; x_wconf 91' lang='lat' dir='ltr'><strong>sonat,</strong></span> <span class='ocrx_word' id='word_1_316' title='bbox 1883 2307 2009 2363; x_wconf 88' lang='lat' dir='ltr'><strong>apud</strong></span> 
     </span>
    </p>

    <p class='ocr_par' dir='ltr' id='par_1_23' title="bbox 167 2361 2004 2422">
     <span class='ocr_line' id='line_1_31' title="bbox 167 2361 2004 2422; baseline 0.003 -17"><span class='ocrx_word' id='word_1_317' title='bbox 167 2361 253 2407; x_wconf 79' lang='lat' dir='ltr'><strong>nos</strong></span> <span class='ocrx_word' id='word_1_318' title='bbox 285 2362 412 2419; x_wconf 87' lang='lat' dir='ltr'><strong>quod</strong></span> <span class='ocrx_word' id='word_1_319' title='bbox 440 2363 584 2407; x_wconf 88' lang='lat' dir='ltr'><strong>uitari</strong></span> <span class='ocrx_word' id='word_1_320' title='bbox 616 2379 712 2409; x_wconf 89' lang='lat' dir='ltr'><strong>non</strong></span> <span class='ocrx_word' id='word_1_321' title='bbox 740 2368 901 2421; x_wconf 88' lang='lat' dir='ltr'><strong>potest</strong></span> <span class='ocrx_word' id='word_1_322' title='bbox 930 2379 1017 2422; x_wconf 88' lang='lat' dir='ltr'><strong>per</strong></span> <span class='ocrx_word' id='word_1_323' title='bbox 1046 2364 1129 2407; x_wconf 89' lang='lat' dir='ltr'><strong>has</strong></span> <span class='ocrx_word' id='word_1_324' title='bbox 1158 2364 1344 2408; x_wconf 86' lang='lat' dir='ltr'><strong>litteras</strong></span> <span class='ocrx_word' id='word_1_325' title='bbox 1377 2365 1611 2408; x_wconf 86' lang='lat' dir='ltr'><strong>scribatur</strong></span> <span class='ocrx_word' id='word_1_326' title='bbox 1640 2363 1690 2408; x_wconf 92' lang='lat' dir='ltr'><strong>id</strong></span> <span class='ocrx_word' id='word_1_327' title='bbox 1723 2368 1796 2408; x_wconf 89' lang='lat' dir='ltr'><strong>est</strong></span> <span class='ocrx_word' id='word_1_328' title='bbox 1815 2365 1852 2408; x_wconf 93' lang='lat' dir='ltr'>P</span> <span class='ocrx_word' id='word_1_329' title='bbox 1884 2369 1932 2410; x_wconf 92' lang='lat' dir='ltr'><strong>et</strong></span> <span class='ocrx_word' id='word_1_330' title='bbox 1961 2366 2004 2420; x_wconf 84' lang='lat' dir='ltr'><strong>S,</strong></span> 
     </span>
    </p>

    <p class='ocr_par' dir='ltr' id='par_1_24' title="bbox 169 2420 2004 2482">
     <span class='ocr_line' id='line_1_32' title="bbox 169 2420 2004 2482; baseline 0.003 -18"><span class='ocrx_word' id='word_1_331' title='bbox 169 2420 281 2470; x_wconf 68' lang='lat' dir='ltr'><strong>licet</strong></span> <span class='ocrx_word' id='word_1_332' title='bbox 311 2423 362 2465; x_wconf 84' lang='lat' dir='ltr'><strong>in</strong></span> <span class='ocrx_word' id='word_1_333' title='bbox 391 2423 592 2480; x_wconf 88' lang='lat' dir='ltr'><strong>obliquis</strong></span> <span class='ocrx_word' id='word_1_334' title='bbox 625 2424 808 2468; x_wconf 87' lang='lat' dir='ltr'><strong>casibus</strong></span> <span class='ocrx_word' id='word_1_335' title='bbox 838 2424 876 2467; x_wconf 89' lang='lat' dir='ltr'><strong>B</strong></span> <span class='ocrx_word' id='word_1_336' title='bbox 908 2423 1127 2477; x_wconf 86' lang='lat' dir='ltr'><strong>habeant,</strong></span> <span class='ocrx_word' id='word_1_337' title='bbox 1160 2427 1215 2467; x_wconf 92' lang='lat' dir='ltr'><strong>ut</strong></span> <span class='ocrx_word' id='word_1_338' title='bbox 1250 2423 1434 2480; x_wconf 88' lang='lat' dir='ltr'><strong>caeleps</strong></span> <span class='ocrx_word' id='word_1_339' title='bbox 1467 2423 1673 2477; x_wconf 89' lang='lat' dir='ltr'><strong>caelibis,</strong></span> <span class='ocrx_word' id='word_1_340' title='bbox 1716 2438 1831 2482; x_wconf 89' lang='lat' dir='ltr'><strong>urps</strong></span> <span class='ocrx_word' id='word_1_341' title='bbox 1859 2426 2004 2479; x_wconf 90' lang='lat' dir='ltr'><strong>urbis,</strong></span> 
     </span>
    </p>

    <p class='ocr_par' dir='ltr' id='par_1_25' title="bbox 164 2481 2008 2600">
     <span class='ocr_line' id='line_1_33' title="bbox 164 2481 2008 2541; baseline 0.002 -17"><span class='ocrx_word' id='word_1_342' title='bbox 164 2481 284 2525; x_wconf 74' lang='lat' dir='ltr'><strong>vitem</strong></span> <span class='ocrx_word' id='word_1_343' title='bbox 314 2481 364 2526; x_wconf 88' lang='lat' dir='ltr'><strong>in</strong></span> <span class='ocrx_word' id='word_1_344' title='bbox 395 2482 498 2527; x_wconf 91' lang='lat' dir='ltr'><strong>aliis</strong></span> <span class='ocrx_word' id='word_1_345' title='bbox 528 2483 680 2541; x_wconf 87' lang='lat' dir='ltr'><strong>ipsam</strong></span> <span class='ocrx_word' id='word_1_346' title='bbox 711 2484 961 2537; x_wconf 88' lang='lat' dir='ltr'><strong>retineant,</strong></span> <span class='ocrx_word' id='word_1_347' title='bbox 993 2487 1048 2527; x_wconf 89' lang='lat' dir='ltr'><strong>ut</strong></span> <span class='ocrx_word' id='word_1_348' title='bbox 1080 2498 1251 2540; x_wconf 87' lang='lat' dir='ltr'><strong>auceps</strong></span> <span class='ocrx_word' id='word_1_349' title='bbox 1287 2483 1494 2540; x_wconf 61' lang='lat' dir='ltr'><strong>aucupis„</strong></span> <span class='ocrx_word' id='word_1_350' title='bbox 1555 2483 1679 2527; x_wconf 91' lang='lat' dir='ltr'><strong>unde</strong></span> <span class='ocrx_word' id='word_1_351' title='bbox 1713 2488 1912 2541; x_wconf 90' lang='lat' dir='ltr'><strong>apparet</strong></span> <span class='ocrx_word' id='word_1_352' title='bbox 1959 2486 2008 2529; x_wconf 91' lang='lat' dir='ltr'><strong>in</strong></span> 
     </span>
     <span class='ocr_line' id='line_1_34' title="bbox 166 2540 2007 2600; baseline 0.002 -14"><span class='ocrx_word' id='word_1_353' title='bbox 166 2540 240 2587; x_wconf 81' lang='lat' dir='ltr'><strong>his</strong></span> <span class='ocrx_word' id='word_1_354' title='bbox 270 2541 456 2589; x_wconf 82' lang='lat' dir='ltr'><strong>casibus</strong></span> <span class='ocrx_word' id='word_1_355' title='bbox 485 2546 670 2587; x_wconf 89' lang='lat' dir='ltr'><strong>mutare</strong></span> <span class='ocrx_word' id='word_1_356' title='bbox 711 2557 796 2587; x_wconf 90' lang='lat' dir='ltr'><strong>nos</strong></span> <span class='ocrx_word' id='word_1_357' title='bbox 831 2543 1003 2588; x_wconf 90' lang='lat' dir='ltr'><strong>debere</strong></span> <span class='ocrx_word' id='word_1_358' title='bbox 1036 2543 1072 2587; x_wconf 92' lang='lat' dir='ltr'>P</span> <span class='ocrx_word' id='word_1_359' title='bbox 1104 2543 1153 2586; x_wconf 90' lang='lat' dir='ltr'><strong>in</strong></span> <span class='ocrx_word' id='word_1_360' title='bbox 1182 2543 1234 2596; x_wconf 91' lang='lat' dir='ltr'><strong>B,</strong></span> <span class='ocrx_word' id='word_1_361' title='bbox 1273 2544 1322 2587; x_wconf 91' lang='lat' dir='ltr'><strong>in</strong></span> <span class='ocrx_word' id='word_1_362' title='bbox 1364 2543 1531 2600; x_wconf 90' lang='lat' dir='ltr'><strong>quibus</strong></span> <span class='ocrx_word' id='word_1_363' title='bbox 1573 2557 1621 2586; x_wconf 88' lang='lat' dir='ltr'><strong>se</strong></span> <span class='ocrx_word' id='word_1_364' title='bbox 1666 2543 1809 2587; x_wconf 91' lang='lat' dir='ltr'><strong>etiam</strong></span> <span class='ocrx_word' id='word_1_365' title='bbox 1843 2546 2007 2589; x_wconf 88' lang='lat' dir='ltr'><strong>ambae</strong></span> 
     </span>
    </p>

    <p class='ocr_par' dir='ltr' id='par_1_26' title="bbox 168 2601 2004 2660">
     <span class='ocr_line' id='line_1_35' title="bbox 168 2601 2004 2660; baseline 0.002 -16"><span class='ocrx_word' id='word_1_366' title='bbox 168 2604 484 2645; x_wconf 86' lang='lat' dir='ltr'><strong>consecuntur</strong></span> <span class='ocrx_word' id='word_1_367' title='bbox 512 2602 796 2659; x_wconf 88' lang='lat' dir='ltr'><strong>interposita</strong></span> <span class='ocrx_word' id='word_1_368' title='bbox 826 2603 994 2649; x_wconf 86' lang='lat' dir='ltr'><strong>uocali.</strong></span> <span class='ocrx_word' id='word_1_369' title='bbox 1041 2603 1160 2647; x_wconf 89' lang='lat' dir='ltr'><strong>hanc</strong></span> <span class='ocrx_word' id='word_1_370' title='bbox 1194 2601 1339 2646; x_wconf 83' lang='lat' dir='ltr'><strong>etiam</strong></span> <span class='ocrx_word' id='word_1_371' title='bbox 1368 2602 1581 2660; x_wconf 88' lang='lat' dir='ltr'><strong>regulam</strong></span> <span class='ocrx_word' id='word_1_372' title='bbox 1612 2603 1850 2660; x_wconf 88' lang='lat' dir='ltr'><strong>sequimur</strong></span> <span class='ocrx_word' id='word_1_373' title='bbox 1883 2606 1931 2648; x_wconf 91' lang='lat' dir='ltr'><strong>in</strong></span> <span class='ocrx_word' id='word_1_374' title='bbox 1947 2611 2004 2657; x_wconf 76' lang='grc' dir='ltr'><strong>Φ,</strong></span> 
     </span>
    </p>

    <p class='ocr_par' dir='ltr' id='par_1_27' title="bbox 167 2660 2009 2719">
     <span class='ocr_line' id='line_1_36' title="bbox 167 2660 2009 2719; baseline 0.002 -16"><span class='ocrx_word' id='word_1_375' title='bbox 167 2712 169 2715; x_wconf 22' lang='lat'>¹</span> <span class='ocrx_word' id='word_1_376' title='bbox 199 2674 287 2703; x_wconf 86' lang='lat' dir='ltr'><strong>uae</strong></span> <span class='ocrx_word' id='word_1_377' title='bbox 316 2660 421 2718; x_wconf 90' lang='lat' dir='ltr'><strong>ipsa</strong></span> <span class='ocrx_word' id='word_1_378' title='bbox 450 2661 535 2705; x_wconf 90' lang='lat' dir='ltr'><strong>PH</strong></span> <span class='ocrx_word' id='word_1_379' title='bbox 564 2666 764 2715; x_wconf 90' lang='lat' dir='ltr'><strong>constat,</strong></span> <span class='ocrx_word' id='word_1_380' title='bbox 797 2666 852 2706; x_wconf 91' lang='lat' dir='ltr'><strong>ut</strong></span> <span class='ocrx_word' id='word_1_381' title='bbox 885 2663 1053 2719; x_wconf 83' lang='lat' dir='ltr'><strong>Cinyps</strong></span> <span class='ocrx_word' id='word_1_382' title='bbox 1077 2662 1313 2718; x_wconf 86' lang='lat' dir='ltr'><strong>Cinyphis‚</strong></span> <span class='ocrx_word' id='word_1_383' title='bbox 1348 2676 1465 2719; x_wconf 83' lang='lat' dir='ltr'><strong>quae</strong></span> <span class='ocrx_word' id='word_1_384' title='bbox 1496 2662 1546 2704; x_wconf 89' lang='lat' dir='ltr'><strong>in</strong></span> <span class='ocrx_word' id='word_1_385' title='bbox 1574 2663 1866 2707; x_wconf 80' lang='lat' dir='ltr'><strong>nominatiuo</strong></span> <span class='ocrx_word' id='word_1_386' title='bbox 1898 2679 2009 2708; x_wconf 88' lang='lat' dir='ltr'><strong>casu</strong></span> 
     </span>
    </p>

    <p class='ocr_par' dir='ltr' id='par_1_28' title="bbox 165 2675 2007 2780">
     <span class='ocr_line' id='line_1_37' title="bbox 165 2675 2007 2780; baseline 0.002 -15"><span class='ocrx_word' id='word_1_387' title='bbox 165 2675 204 2773; x_wconf 48' lang='grc' dir='ltr'>ἓ</span> <span class='ocrx_word' id='word_1_388' title='bbox 239 2721 288 2765; x_wconf 82' lang='lat' dir='ltr'><strong>et</strong></span> <span class='ocrx_word' id='word_1_389' title='bbox 317 2719 362 2774; x_wconf 82' lang='lat' dir='ltr'><strong>S,</strong></span> <span class='ocrx_word' id='word_1_390' title='bbox 407 2720 457 2764; x_wconf 90' lang='lat' dir='ltr'><strong>in</strong></span> <span class='ocrx_word' id='word_1_391' title='bbox 487 2721 592 2767; x_wconf 84' lang='lat' dir='ltr'><strong>aliis</strong></span> <span class='ocrx_word' id='word_1_392' title='bbox 625 2723 809 2767; x_wconf 87' lang='lat' dir='ltr'><strong>casibus</strong></span> <span class='ocrx_word' id='word_1_393' title='bbox 840 2737 926 2780; x_wconf 88' lang='lat' dir='ltr'><strong>per</strong></span> <span class='ocrx_word' id='word_1_394' title='bbox 956 2723 992 2765; x_wconf 94' lang='lat' dir='ltr'>P</span> <span class='ocrx_word' id='word_1_395' title='bbox 1028 2724 1075 2766; x_wconf 92' lang='lat' dir='ltr'><strong>et</strong></span> <span class='ocrx_word' id='word_1_396' title='bbox 1098 2721 1142 2766; x_wconf 92' lang='lat' dir='ltr'><strong>H</strong></span> <span class='ocrx_word' id='word_1_397' title='bbox 1173 2722 1411 2766; x_wconf 87' lang='lat' dir='ltr'><strong>scribitur.</strong></span> <span class='ocrx_word' id='word_1_398' title='bbox 1471 2720 1572 2766; x_wconf 88' lang='lat' dir='ltr'><strong>Vel.</strong></span> <span class='ocrx_word' id='word_1_399' title='bbox 1606 2721 1756 2780; x_wconf 87' lang='lat' dir='ltr'><strong>Long.</strong></span> <span class='ocrx_word' id='word_1_400' title='bbox 1788 2738 1834 2780; x_wconf 94' lang='lat' dir='ltr'><strong>p.</strong></span> <span class='ocrx_word' id='word_1_401' title='bbox 1866 2728 2007 2768; x_wconf 82' lang='lat'><strong>2233:</strong></span> 
     </span>
    </p>

    <p class='ocr_par' dir='ltr' id='par_1_29' title="bbox 163 2777 2008 2841">
     <span class='ocr_line' id='line_1_38' title="bbox 163 2777 2008 2841; baseline 0.003 -19"><span class='ocrx_word' id='word_1_402' title='bbox 163 2777 272 2822; x_wconf 73' lang='lat' dir='ltr'><strong>hinc</strong></span> <span class='ocrx_word' id='word_1_403' title='bbox 302 2783 564 2825; x_wconf 84' lang='lat' dir='ltr'><strong>noscuntur</strong></span> <span class='ocrx_word' id='word_1_404' title='bbox 595 2783 743 2826; x_wconf 90' lang='lat' dir='ltr'><strong>etiam</strong></span> <span class='ocrx_word' id='word_1_405' title='bbox 774 2783 1070 2838; x_wconf 89' lang='lat' dir='ltr'><strong>quaestiones</strong></span> <span class='ocrx_word' id='word_1_406' title='bbox 1103 2781 1344 2825; x_wconf 90' lang='lat' dir='ltr'><strong>interdum</strong></span> <span class='ocrx_word' id='word_1_407' title='bbox 1363 2780 1676 2841; x_wconf 88' lang='lat' dir='ltr'><strong>quibusnoua</strong></span> <span class='ocrx_word' id='word_1_408' title='bbox 1709 2797 1735 2825; x_wconf 90' lang='lat' dir='ltr'><strong>a</strong></span> <span class='ocrx_word' id='word_1_409' title='bbox 1767 2784 2008 2828; x_wconf 84' lang='lat' dir='ltr'><strong>ueteribus</strong></span> 
     </span>
    </p>

    <p class='ocr_par' dir='ltr' id='par_1_30' title="bbox 165 2838 2009 2961">
     <span class='ocr_line' id='line_1_39' title="bbox 165 2838 2009 2900; baseline 0.003 -18"><span class='ocrx_word' id='word_1_410' title='bbox 165 2838 496 2898; x_wconf 88' lang='lat' dir='ltr'><strong>discernantur</strong></span> <span class='ocrx_word' id='word_1_411' title='bbox 525 2843 686 2885; x_wconf 89' lang='lat' dir='ltr'><strong>utrum</strong></span> <span class='ocrx_word' id='word_1_412' title='bbox 716 2842 942 2886; x_wconf 87' lang='lat' dir='ltr'><strong>absorbui</strong></span> <span class='ocrx_word' id='word_1_413' title='bbox 972 2857 1032 2885; x_wconf 92' lang='lat' dir='ltr'><strong>an</strong></span> <span class='ocrx_word' id='word_1_414' title='bbox 1070 2842 1298 2898; x_wconf 86' lang='lat' dir='ltr'><strong>absorpsi,</strong></span> <span class='ocrx_word' id='word_1_415' title='bbox 1332 2845 1405 2886; x_wconf 82' lang='lat' dir='ltr'><strong>uel</strong></span> <span class='ocrx_word' id='word_1_416' title='bbox 1450 2855 1556 2885; x_wconf 89' lang='lat' dir='ltr'><strong>cum</strong></span> <span class='ocrx_word' id='word_1_417' title='bbox 1597 2840 1658 2885; x_wconf 92' lang='lat' dir='ltr'><strong>ad</strong></span> <span class='ocrx_word' id='word_1_418' title='bbox 1690 2841 1811 2886; x_wconf 89' lang='lat' dir='ltr'><strong>hanc</strong></span> <span class='ocrx_word' id='word_1_419' title='bbox 1852 2841 2009 2900; x_wconf 88' lang='lat' dir='ltr'><strong>dispu-</strong></span> 
     </span>
     <span class='ocr_line' id='line_1_40' title="bbox 166 2898 2007 2961; baseline 0.003 -20"><span class='ocrx_word' id='word_1_420' title='bbox 166 2898 397 2944; x_wconf 87' lang='lat' dir='ltr'><strong>tationem</strong></span> <span class='ocrx_word' id='word_1_421' title='bbox 435 2901 677 2958; x_wconf 79' lang='lat' dir='ltr'><strong>pertinere</strong></span> <span class='ocrx_word' id='word_1_422' title='bbox 711 2915 806 2945; x_wconf 91' lang='lat' dir='ltr'><strong>non</strong></span> <span class='ocrx_word' id='word_1_423' title='bbox 847 2901 1032 2954; x_wconf 90' lang='lat' dir='ltr'><strong>debeat,</strong></span> <span class='ocrx_word' id='word_1_424' title='bbox 1076 2901 1169 2945; x_wconf 88' lang='lat' dir='ltr'><strong>nisi</strong></span> <span class='ocrx_word' id='word_1_425' title='bbox 1210 2901 1336 2957; x_wconf 92' lang='lat' dir='ltr'><strong>quod</strong></span> <span class='ocrx_word' id='word_1_426' title='bbox 1378 2901 1626 2958; x_wconf 89' lang='lat' dir='ltr'><strong>proprium</strong></span> <span class='ocrx_word' id='word_1_427' title='bbox 1665 2904 1739 2945; x_wconf 89' lang='lat' dir='ltr'><strong>est</strong></span> <span class='ocrx_word' id='word_1_428' title='bbox 1781 2899 2007 2961; x_wconf 77' lang='grc' dir='ltr'><em>ὀρθογρα-</em></span> 
     </span>
    </p>

    <p class='ocr_par' dir='ltr' id='par_1_31' title="bbox 168 2960 2010 3018">
     <span class='ocr_line' id='line_1_41' title="bbox 168 2960 2010 3018; baseline 0.004 -19"><span class='ocrx_word' id='word_1_429' title='bbox 168 2967 171 2970; x_wconf 90' lang='grc'><strong><em>·</em></strong></span> <span class='ocrx_word' id='word_1_430' title='bbox 201 2960 634 3018; x_wconf 61' lang='lat' dir='ltr'><strong>lats-‚utrumperB</strong></span> <span class='ocrx_word' id='word_1_431' title='bbox 657 2975 717 3005; x_wconf 89' lang='lat' dir='ltr'><strong>an</strong></span> <span class='ocrx_word' id='word_1_432' title='bbox 743 2960 884 3017; x_wconf 88' lang='lat' dir='ltr'><strong>perP</strong></span> <span class='ocrx_word' id='word_1_433' title='bbox 907 2962 1123 3018; x_wconf 85' lang='lat' dir='ltr'><strong>absorpsi</strong></span> <span class='ocrx_word' id='word_1_434' title='bbox 1157 2961 1300 3006; x_wconf 90' lang='lat' dir='ltr'><strong>scribi</strong></span> <span class='ocrx_word' id='word_1_435' title='bbox 1333 2961 1531 3004; x_wconf 88' lang='lat' dir='ltr'><strong>debeat:</strong></span> <span class='ocrx_word' id='word_1_436' title='bbox 1564 2963 1612 3004; x_wconf 92' lang='lat' dir='ltr'><strong>et</strong></span> <span class='ocrx_word' id='word_1_437' title='bbox 1646 2961 1748 3005; x_wconf 88' lang='lat' dir='ltr'><strong>aliis</strong></span> <span class='ocrx_word' id='word_1_438' title='bbox 1779 2964 2010 3007; x_wconf 87' lang='lat' dir='ltr'><strong>seruanda</strong></span> 
     </span>
    </p>

    <p class='ocr_par' dir='ltr' id='par_1_32' title="bbox 167 2974 2005 3078">
     <span class='ocr_line' id='line_1_42' title="bbox 167 2974 2005 3078; baseline 0.003 -17"><span class='ocrx_word' id='word_1_439' title='bbox 167 2974 421 3077; x_wconf 56' lang='lat' dir='ltr'><strong>gequenda</strong></span> <span class='ocrx_word' id='word_1_440' title='bbox 453 3023 580 3076; x_wconf 75' lang='lat' dir='ltr'><strong>libri)</strong></span> <span class='ocrx_word' id='word_1_441' title='bbox 613 3020 651 3064; x_wconf 94' lang='lat' dir='ltr'>B</span> <span class='ocrx_word' id='word_1_442' title='bbox 684 3021 846 3065; x_wconf 86' lang='lat' dir='ltr'><strong>littera</strong></span> <span class='ocrx_word' id='word_1_443' title='bbox 876 3024 1068 3074; x_wconf 78' lang='lat' dir='ltr'><strong>uidetur,</strong></span> <span class='ocrx_word' id='word_1_444' title='bbox 1105 3021 1323 3078; x_wconf 88' lang='lat' dir='ltr'><strong>quoniam</strong></span> <span class='ocrx_word' id='word_1_445' title='bbox 1354 3022 1546 3065; x_wconf 88' lang='lat' dir='ltr'><strong>sorbere</strong></span> <span class='ocrx_word' id='word_1_446' title='bbox 1578 3020 1790 3075; x_wconf 86' lang='lat' dir='ltr'><strong>dicimus,</strong></span> <span class='ocrx_word' id='word_1_447' title='bbox 1823 3023 1925 3066; x_wconf 82' lang='lat' dir='ltr'><strong>aliis</strong></span> <span class='ocrx_word' id='word_1_448' title='bbox 1955 3023 2005 3076; x_wconf 90' lang='lat' dir='ltr'><strong>P,</strong></span> 
     </span>
    </p>

    <p class='ocr_par' dir='ltr' id='par_1_33' title="bbox 165 3075 2006 3139">
     <span class='ocr_line' id='line_1_43' title="bbox 165 3075 2006 3139; baseline 0.003 -18"><span class='ocrx_word' id='word_1_449' title='bbox 165 3075 387 3136; x_wconf 73' lang='lat' dir='ltr'><strong>quoniam</strong></span> <span class='ocrx_word' id='word_1_450' title='bbox 410 3079 726 3138; x_wconf 81' lang='lat' dir='ltr'><strong>quaecumque</strong></span> <span class='ocrx_word' id='word_1_451' title='bbox 750 3079 875 3138; x_wconf 90' lang='lat' dir='ltr'><strong>apud</strong></span> <span class='ocrx_word' id='word_1_452' title='bbox 901 3095 1096 3139; x_wconf 86' lang='lat' dir='ltr'><strong>graecos</strong></span> <span class='ocrx_word' id='word_1_453' title='bbox 1122 3094 1208 3137; x_wconf 90' lang='lat' dir='ltr'><strong>per</strong></span> <span class='ocrx_word' id='word_1_454' title='bbox 1231 3087 1278 3125; x_wconf 91' lang='grc' dir='ltr'><em>Ψ</em></span> <span class='ocrx_word' id='word_1_455' title='bbox 1290 3081 1561 3124; x_wconf 89' lang='lat' dir='ltr'><strong>scribuntur</strong></span> <span class='ocrx_word' id='word_1_456' title='bbox 1593 3083 1641 3123; x_wconf 92' lang='lat' dir='ltr'><strong>et</strong></span> <span class='ocrx_word' id='word_1_457' title='bbox 1672 3084 1859 3126; x_wconf 89' lang='lat' dir='ltr'><strong>constat</strong></span> <span class='ocrx_word' id='word_1_458' title='bbox 1892 3082 2006 3126; x_wconf 87' lang='lat' dir='ltr'><strong>haec</strong></span> 
     </span>
    </p>

    <p class='ocr_par' dir='ltr' id='par_1_34' title="bbox 167 3133 2007 3256">
     <span class='ocr_line' id='line_1_44' title="bbox 167 3133 2007 3197; baseline 0.003 -16"><span class='ocrx_word' id='word_1_459' title='bbox 167 3133 330 3182; x_wconf 63' lang='lat' dir='ltr'><strong>littera</strong></span> <span class='ocrx_word' id='word_1_460' title='bbox 347 3141 454 3192; x_wconf 59' lang='grc' dir='ltr'><strong>ΠΣ.</strong></span> <span class='ocrx_word' id='word_1_461' title='bbox 488 3140 613 3196; x_wconf 88' lang='lat' dir='ltr'><strong>apud</strong></span> <span class='ocrx_word' id='word_1_462' title='bbox 641 3154 727 3184; x_wconf 91' lang='lat' dir='ltr'><strong>nos</strong></span> <span class='ocrx_word' id='word_1_463' title='bbox 760 3155 846 3197; x_wconf 88' lang='lat' dir='ltr'><strong>per</strong></span> <span class='ocrx_word' id='word_1_464' title='bbox 872 3140 908 3183; x_wconf 94' lang='lat' dir='ltr'>P</span> <span class='ocrx_word' id='word_1_465' title='bbox 942 3140 1203 3184; x_wconf 89' lang='lat' dir='ltr'><strong>scribenda.</strong></span> <span class='ocrx_word' id='word_1_466' title='bbox 1237 3140 1377 3196; x_wconf 89' lang='lat' dir='ltr'><strong>idque</strong></span> <span class='ocrx_word' id='word_1_467' title='bbox 1413 3139 1628 3196; x_wconf 91' lang='lat' dir='ltr'><strong>(ideoque</strong></span> <span class='ocrx_word' id='word_1_468' title='bbox 1654 3141 1774 3197; x_wconf 75' lang='lat' dir='ltr'><strong>libri)</strong></span> <span class='ocrx_word' id='word_1_469' title='bbox 1804 3140 1853 3185; x_wconf 91' lang='lat' dir='ltr'><strong>in</strong></span> <span class='ocrx_word' id='word_1_470' title='bbox 1884 3142 2007 3186; x_wconf 90' lang='lat' dir='ltr'><strong>simi-</strong></span> 
     </span>
     <span class='ocr_line' id='line_1_45' title="bbox 168 3195 2005 3256; baseline 0.004 -17"><span class='ocrx_word' id='word_1_471' title='bbox 168 3195 289 3241; x_wconf 84' lang='lat' dir='ltr'><strong>libus</strong></span> <span class='ocrx_word' id='word_1_472' title='bbox 321 3199 616 3253; x_wconf 83' lang='lat' dir='ltr'><strong>seruandum,</strong></span> <span class='ocrx_word' id='word_1_473' title='bbox 636 3203 691 3243; x_wconf 88' lang='lat' dir='ltr'><strong>ut</strong></span> <span class='ocrx_word' id='word_1_474' title='bbox 723 3201 772 3243; x_wconf 89' lang='lat' dir='ltr'><strong>in</strong></span> <span class='ocrx_word' id='word_1_475' title='bbox 800 3212 855 3243; x_wconf 88' lang='lat' dir='ltr'><strong>eo</strong></span> <span class='ocrx_word' id='word_1_476' title='bbox 890 3200 1016 3256; x_wconf 91' lang='lat' dir='ltr'><strong>quod</strong></span> <span class='ocrx_word' id='word_1_477' title='bbox 1045 3203 1118 3243; x_wconf 89' lang='lat' dir='ltr'><strong>est</strong></span> <span class='ocrx_word' id='word_1_478' title='bbox 1145 3201 1257 3244; x_wconf 88' lang='lat' dir='ltr'><strong>urbs</strong></span> <span class='ocrx_word' id='word_1_479' title='bbox 1291 3203 1341 3243; x_wconf 90' lang='lat' dir='ltr'><strong>et</strong></span> <span class='ocrx_word' id='word_1_480' title='bbox 1358 3200 1498 3256; x_wconf 85' lang='lat' dir='ltr'><strong>nupsi</strong></span> <span class='ocrx_word' id='word_1_481' title='bbox 1518 3202 1565 3243; x_wconf 83' lang='lat' dir='ltr'><strong>et</strong></span> <span class='ocrx_word' id='word_1_482' title='bbox 1588 3199 1722 3255; x_wconf 88' lang='lat' dir='ltr'><strong>plebs</strong></span> <span class='ocrx_word' id='word_1_483' title='bbox 1746 3214 1798 3244; x_wconf 88' lang='grc'><strong>66</strong></span> <span class='ocrx_word' id='word_1_484' title='bbox 1821 3203 2005 3246; x_wconf 88' lang='lat' dir='ltr'><strong>ceteris.</strong></span> 
     </span>
    </p>

    <p class='ocr_par' dir='ltr' id='par_1_35' title="bbox 168 3259 2007 3318">
     <span class='ocr_line' id='line_1_46' title="bbox 168 3259 2007 3318; baseline 0.003 -18"><span class='ocrx_word' id='word_1_485' title='bbox 168 3269 214 3312; x_wconf 91' lang='lat' dir='ltr'><strong>p.</strong></span> <span class='ocrx_word' id='word_1_486' title='bbox 233 3259 374 3302; x_wconf 81' lang='lat'>2224:</span> <span class='ocrx_word' id='word_1_487' title='bbox 421 3272 476 3303; x_wconf 83' lang='lat' dir='ltr'><strong>ea</strong></span> <span class='ocrx_word' id='word_1_488' title='bbox 510 3273 630 3316; x_wconf 86' lang='lat' dir='ltr'><strong>quae</strong></span> <span class='ocrx_word' id='word_1_489' title='bbox 662 3260 788 3316; x_wconf 91' lang='lat' dir='ltr'><strong>apud</strong></span> <span class='ocrx_word' id='word_1_490' title='bbox 817 3273 902 3302; x_wconf 92' lang='lat' dir='ltr'><strong>nos</strong></span> <span class='ocrx_word' id='word_1_491' title='bbox 942 3265 990 3303; x_wconf 88' lang='grc' dir='ltr'><em>Ψ</em></span> <span class='ocrx_word' id='word_1_492' title='bbox 1016 3259 1227 3303; x_wconf 86' lang='lat' dir='ltr'><strong>litteram</strong></span> <span class='ocrx_word' id='word_1_493' title='bbox 1262 3262 1444 3313; x_wconf 89' lang='lat' dir='ltr'><strong>sonant,</strong></span> <span class='ocrx_word' id='word_1_494' title='bbox 1478 3261 1650 3316; x_wconf 89' lang='lat' dir='ltr'><strong>putant</strong></span> <span class='ocrx_word' id='word_1_495' title='bbox 1680 3259 1893 3316; x_wconf 89' lang='lat' dir='ltr'><strong>plerique</strong></span> <span class='ocrx_word' id='word_1_496' title='bbox 1921 3275 2007 3318; x_wconf 88' lang='lat' dir='ltr'><strong>per</strong></span> 
     </span>
    </p>
   </div>
   <div class='ocr_carea' id='block_1_3' title="bbox 166 3383 2007 3654">
    <p class='ocr_par' dir='ltr' id='par_1_36' title="bbox 166 3383 2007 3589">
     <span class='ocr_line' id='line_1_47' title="bbox 205 3383 2006 3448; baseline 0.002 -16"><span class='ocrx_word' id='word_1_497' title='bbox 205 3433 209 3439; x_wconf 82' lang='grc'><em>,</em></span> <span class='ocrx_word' id='word_1_498' title='bbox 337 3387 362 3432; x_wconf 96' lang='grc'><strong>1</strong></span> <span class='ocrx_word' id='word_1_499' title='bbox 398 3386 458 3434; x_wconf 81' lang='lat' dir='ltr'><strong>de</strong></span> <span class='ocrx_word' id='word_1_500' title='bbox 492 3387 596 3435; x_wconf 81' lang='lat' dir='ltr'><strong>eod.</strong></span> <span class='ocrx_word' id='word_1_501' title='bbox 630 3388 735 3436; x_wconf 77' lang='lat' dir='ltr'><strong>uid.</strong></span> <span class='ocrx_word' id='word_1_502' title='bbox 769 3387 935 3435; x_wconf 76' lang='lat' dir='ltr'><strong>adnot.</strong></span> <span class='ocrx_word' id='word_1_503' title='bbox 973 3386 1040 3434; x_wconf 83' lang='lat' dir='ltr'><strong>ad</strong></span> <span class='ocrx_word' id='word_1_504' title='bbox 1074 3385 1144 3443; x_wconf 79' lang='lat' dir='ltr'><strong>fr.</strong></span> <span class='ocrx_word' id='word_1_505' title='bbox 1172 3390 1238 3435; x_wconf 77' lang='grc'><strong>44</strong></span> <span class='ocrx_word' id='word_1_506' title='bbox 1277 3390 1326 3434; x_wconf 91' lang='lat' dir='ltr'><strong>et</strong></span> <span class='ocrx_word' id='word_1_507' title='bbox 1364 3402 1461 3432; x_wconf 91' lang='lat' dir='ltr'><strong>non</strong></span> <span class='ocrx_word' id='word_1_508' title='bbox 1496 3387 1640 3448; x_wconf 88' lang='lat' dir='ltr'><strong>paret</strong></span> <span class='ocrx_word' id='word_1_509' title='bbox 1674 3383 1724 3431; x_wconf 90' lang='lat' dir='ltr'><em>B</em></span> <span class='ocrx_word' id='word_1_510' title='bbox 1761 3387 1785 3442; x_wconf 82' lang='grc' dir='ltr'>Η</span> <span class='ocrx_word' id='word_1_511' title='bbox 1826 3386 1944 3435; x_wconf 90' lang='lat' dir='ltr'><strong>urbs</strong></span> <span class='ocrx_word' id='word_1_512' title='bbox 1979 3404 2006 3435; x_wconf 94' lang='grc'><strong>6</strong></span> 
     </span>
     <span class='ocr_line' id='line_1_48' title="bbox 166 3447 2007 3521; baseline 0.002 -19"><span class='ocrx_word' id='word_1_513' title='bbox 166 3452 345 3517; x_wconf 56' lang='lat' dir='ltr'><strong>peffobs</strong></span> <span class='ocrx_word' id='word_1_514' title='bbox 375 3455 475 3514; x_wconf 69' lang='lat' dir='ltr'><strong>Bu</strong></span> <span class='ocrx_word' id='word_1_515' title='bbox 509 3457 539 3503; x_wconf 86' lang='lat'>5</span> <span class='ocrx_word' id='word_1_516' title='bbox 579 3456 930 3505; x_wconf 82' lang='lat' dir='ltr'><strong>eiusdemmodi</strong></span> <span class='ocrx_word' id='word_1_517' title='bbox 967 3457 1017 3503; x_wconf 91' lang='lat' dir='ltr'><em>B</em></span> <span class='ocrx_word' id='word_1_518' title='bbox 1039 3449 1067 3521; x_wconf 76' lang='grc' dir='ltr'>Η</span> <span class='ocrx_word' id='word_1_519' title='bbox 1088 3457 1138 3502; x_wconf 88' lang='grc'><strong>111</strong></span> <span class='ocrx_word' id='word_1_520' title='bbox 1173 3473 1233 3519; x_wconf 87' lang='lat' dir='ltr'><strong>ps</strong></span> <span class='ocrx_word' id='word_1_521' title='bbox 1271 3459 1539 3503; x_wconf 69' lang='lat' dir='ltr'><strong>excurrunt</strong></span> <span class='ocrx_word' id='word_1_522' title='bbox 1575 3455 1625 3502; x_wconf 91' lang='lat' dir='ltr'><em>B</em></span> <span class='ocrx_word' id='word_1_523' title='bbox 1650 3447 1684 3519; x_wconf 78' lang='grc' dir='ltr'><strong>ΙΙ</strong></span> <span class='ocrx_word' id='word_1_524' title='bbox 1717 3454 1886 3518; x_wconf 87' lang='lat' dir='ltr'><strong>pelobs</strong></span> <span class='ocrx_word' id='word_1_525' title='bbox 1922 3474 2007 3521; x_wconf 90' lang='lat' dir='ltr'><strong>pe·</strong></span> 
     </span>
     <span class='ocr_line' id='line_1_49' title="bbox 168 3523 433 3589; baseline 0.008 -18"><span class='ocrx_word' id='word_1_526' title='bbox 168 3523 295 3589; x_wconf 84' lang='lat' dir='ltr'><strong>Iopis</strong></span> <span class='ocrx_word' id='word_1_527' title='bbox 335 3524 385 3573; x_wconf 90' lang='lat' dir='ltr'><em>B</em></span> <span class='ocrx_word' id='word_1_528' title='bbox 408 3527 433 3584; x_wconf 87' lang='grc' dir='ltr'><strong>ΙΙ</strong></span> 
     </span>
    </p>

    <p class='ocr_par' dir='ltr' id='par_1_37' title="bbox 1677 3610 1731 3654">
     <span class='ocr_line' id='line_1_50' title="bbox 1677 3610 1731 3654; baseline 0 0"><span class='ocrx_word' id='word_1_529' title='bbox 1677 3610 1731 3654; x_wconf 86' lang='grc'><strong>12</strong></span> 
     </span>
    </p>
   </div>
  </div>
 </body>
</html>
