2222 4056
1074 348 1170 394 172

215 495 421 542 tantum
461 489 713 562 opinione
750 488 1047 543 secundum
1079 491 1326 541 ueterum
1363 490 1655 545 lectionem
1705 502 1923 567 recepta
1965 495 2032 548 sit

214 597 316 631 nec
353 580 594 650 ipsorum
634 586 831 646 tamen,
875 579 918 630 si
969 578 1376 649 interrogentur
1421 599 1519 633 cur
1567 581 1623 633 id
1673 584 1843 637 secuti
1894 594 2034 654 sunt,

214 669 509 722 scientium.
1834 669 1842 676 ⁶

119 830 211 883 42*
348 834 475 887 Vox
507 842 604 903 est,
639 842 698 886 ut
733 834 917 887 stoicis
945 833 1176 902 uidetur,
1227 836 1443 907 spiritus
1480 838 1656 892 tenuis
1695 839 1879 894 auditu
1914 860 2032 895 sen-

210 925 397 993 sibilis,
444 932 702 994 quantum
749 925 805 977 in
859 924 977 995 ipso
1031 933 1128 978 est.
1211 927 1271 979 fit
1317 934 1498 979 autem
1541 928 1631 981 uel
1679 929 1838 985 exilis
1869 937 2073 985 auraef)

210 1015 369 1086 pulsu
409 1015 502 1067 uel
537 1014 808 1067 uerberati
846 1016 985 1067 aeris
1019 1015 1146 1068 ictu.
1228 1017 1402 1070 omnis
1457 1037 1567 1071 uox
1612 1027 1706 1072 *aut
1757 1020 2034 1075 articulata

211 1112 308 1173 est,
335 1112 426 1158 aut
453 1106 695 1158 confusa.
746 1105 1029 1158 articulata
1070 1113 1150 1158 est
1184 1107 1431 1160 rationali
1466 1108 1744 1164 hominum
1780 1111 2033 1182 loquellis

212 1195 513 1265 explanata.
574 1195 763 1249 eadem
791 1204 843 1249 et
870 1197 1121 1250 litteralis
1158 1198 1250 1250 uel
1275 1198 1529 1270 scriptilis
1561 1201 1886 1272 appellatur,
1911 1201 2034 1274 quia

206 1394 437 1436 terentur.
475 1407 533 1436 ex
581 1393 653 1437 his
696 1409 809 1452 ergo
851 1395 1063 1440 omnibus
1109 1395 1399 1439 consuetudo
1441 1409 1534 1439 non
1563 1396 1677 1440 haec
1706 1396 1916 1455 uulgaris
1946 1413 2032 1442 nec

208 1451 396 1495 sordida
430 1452 697 1509 recipienda
729 1458 813 1506 est,
862 1455 945 1498 sed
985 1470 1101 1511 quae
1141 1455 1455 1498 horridiorem
1496 1457 1726 1499 rationem
1758 1471 1871 1500 sono
1900 1457 2032 1500 -blan-

208 1510 338 1554 diore
370 1511 590 1567 depellat.
623 1513 862 1556 interdum
897 1514 1018 1557 enim
1049 1514 1244 1557 utilibus
1276 1514 1477 1557 iucunda
1493 1515 1703 1571 gratiora
1723 1519 1844 1559 sunt.
1875 1511 2031 1570 Quint.

205 1569 316 1613 inst.
348 1573 467 1614 orat.
493 1571 515 1613 Ι
539 1573 579 1623 6,
602 1575 648 1615 1:
695 1587 846 1616 sermo
885 1576 1071 1617 constat
1118 1574 1299 1616 ratione
1338 1576 1577 1617 uetustate
1611 1575 1894 1619 auctoritate
1916 1589 2032 1621 0011-

205 1629 464 1674 suetudine.
526 1630 758 1674 rationem
796 1636 1007 1688 praestat
1047 1632 1297 1688 praecipue
1342 1632 1571 1689 analogia,
1606 1647 1951 1690 nonnumquam
1984 1638 2032 1679 et

206 1688 503 1746 etymologia.
533 1693 698 1733 uetera
730 1692 948 1734 maiestas
983 1691 1222 1746 quaedam,
1251 1695 1298 1734 et
1330 1694 1382 1734 ut
1403 1692 1468 1735 sic
1497 1691 1695 1735 dixerim
1719 1693 1888 1750 religio
1911 1704 2034 1737 com-

203 1747 408 1791 mendat.
441 1748 698 1793 auctoritas
730 1751 787 1793 ab
817 1751 1083 1795 oratoribus
1115 1751 1194 1794 uel
1220 1749 1458 1794 historicis
1490 1751 1589 1807 peti
1623 1752 1770 1807 solet3
1797 1767 1906 1796 nam
1924 1767 2033 1809 poe·
2091 1788 2094 1794 ,

204 1809 277 1849 tas
308 1807 449 1849 metri
479 1809 733 1852 necessitas
766 1813 970 1853 excusat.
1007 1843 1016 1853 .
1052 1843 1061 1852 .
1097 1842 1106 1852 .
1138 1824 1244 1853 cum
1276 1824 1562 1852 summorum
1591 1809 1639 1853 in
1669 1811 1936 1867 eloquentia
1965 1811 2032 1854 ui-

205 1879 365 1908 rorum
393 1866 616 1910 iudicium
645 1883 732 1924 pro
764 1869 947 1912 ratione
980 1871 1027 1912 et
1058 1868 1190 1912 uelut
1211 1883 1343 1912 error
1373 1868 1596 1913 honestus
1626 1873 1697 1913 est
1727 1885 1922 1928 magnos
1952 1871 2033 1914 du-

205 1938 282 1968 ces
332 1926 649 1982 sequentibus.
712 1929 1000 1971 consuetudo
1049 1942 1163 1971 uero
1218 1928 1479 1972 certissima
1523 1928 1743 1984 loquendi
1789 1930 2028 1986 magistra,

204 1984 521 2041 utendumque
559 1985 696 2042 plane
730 2001 941 2030 sermone
985 1989 1039 2029 ut
1076 2001 1279 2039 nummo,
1327 1987 1402 2030 cui
1433 1987 1620 2043 publica
1648 1987 1798 2032 forma
1826 1992 1912 2032 est.
1973 1992 2030 2044 cs.

204 2042 335 2087 VIIII
351 2046 391 2096 3,
410 2046 451 2087 3.
483 2045 606 2088 Max,
630 2044 751 2089 Vict.
770 2061 815 2102 p.
838 2049 923 2089 272
943 2045 1078 2088 Lind.
1107 2061 1152 2101 p.
1177 2048 1290 2089 1938
1309 2045 1385 2089 P.:
1418 2046 1627 2090 latinitas
1659 2050 1731 2091 est
1762 2047 2029 2092 obseruatio

203 2102 475 2159 incorrupte
506 2103 727 2160 loquendi
761 2105 1015 2148 secundum
1044 2119 1284 2148 romanam
1312 2105 1534 2162 linguam.
1567 2109 1752 2150 constat
1774 2109 1932 2151 autem
1947 2107 2030 2150 tri-

202 2163 289 2206 bus
320 2162 490 2206 modis:
523 2164 705 2208 ratione
737 2164 1021 2208 auctoritate
1042 2163 1402 2220 consuetudine;
1431 2166 1612 2209 ratione
1631 2165 1885 2209 secundum
1899 2165 2028 2210 tech-

202 2221 331 2265 nicos
365 2221 415 2265 id
447 2225 517 2266 est
552 2223 726 2266 artium
762 2223 1043 2279 traditores3
1092 2223 1388 2276 auctoritate,
1420 2226 1636 2267 ueterum
1662 2224 1841 2269 scilicet
1870 2225 2032 2270 lectio-

204 2295 337 2337 num3
369 2282 707 2326 consuetudine
744 2297 907 2327 eorum
938 2297 1054 2339 quae
1086 2282 1135 2326 in
1163 2282 1317 2326 medio
1349 2282 1433 2340 (sic
1463 2285 1558 2327 cod.
1595 2285 1727 2327 Rern.
1751 2293 1860 2328 teste
1878 2287 2030 2328 Keilio

206 2342 265 2384 ad
299 2342 523 2384 Diomedis
555 2344 691 2386 uerba
724 2360 862 2399 supra
904 2347 1075 2400 scripta
1116 2341 1254 2386 modo
1301 2341 1422 2398 edit.)
1463 2342 1686 2399 loquendi
1728 2357 1814 2386 usu
1854 2343 2031 2400 placita

204 2402 534 2456 assumptaque
566 2403 688 2444 sunt.
729 2401 979 2459 Augustin.
1011 2404 1100 2444 art.
1127 2404 1148 2444 1
1185 2416 1231 2457 p.
1253 2403 1335 2445 167
1361 2399 1471 2444 Mai.
1503 2416 1612 2446 nou.
1643 2401 1757 2446 bibl.
1793 2405 1916 2459 patr.
1946 2400 2029 2446 12.

203 2473 249 2514 p.
269 2461 295 2502 7
319 2457 475 2502 Web.:
520 2459 727 2503 latinitas
773 2464 845 2504 est
891 2461 1159 2505 obseruatio
1204 2460 1478 2517 incorrupte
1518 2460 1743 2518 loquendi
1778 2461 2032 2506 secundum

202 2532 442 2561 romanam
471 2518 693 2576 linguam.
724 2523 910 2564 constat
940 2522 1097 2563 autem
1126 2520 1276 2563 modis
1309 2520 1462 2564 tribus
1490 2519 1540 2563 id
1574 2523 1647 2564 est
1674 2519 1856 2565 ratione
1874 2523 2031 2564 aucto-

202 2577 343 2620 ritate
373 2579 730 2634 consuetudine3
762 2580 945 2624 ratione
972 2580 1227 2623 secundum
1258 2581 1428 2634 artem3
1465 2581 1748 2624 auctoritate
1779 2579 2032 2624 secundum

202 2650 364 2679 eorum
394 2639 581 2694 scripta,
615 2638 781 2694 quibus
823 2639 924 2695 ipsa
968 2642 1040 2683 est
1083 2639 1338 2682 auctoritas
1372 2638 1642 2695 adtributa3
1692 2638 2030 2683 consuetudine

202 2696 457 2739 secundum
488 2711 542 2740 ea
575 2711 691 2753 quae
723 2698 944 2756 loquendi
972 2714 1061 2742 usu
1092 2698 1268 2755 placita
1298 2697 1635 2755 adsumptaque
1653 2701 1776 2742 sunt.
1809 2703 1865 2756 cs.
1886 2698 2029 2743 Prob.

199 2755 308 2798 inst.
339 2758 427 2798 art.
495 2790 504 2799 .
528 2758 599 2808 47,
622 2759 690 2801 19.
1964 2807 1966 2809 ,

367 2771 489 2857 42*.p
513 2815 662 2859 Diem.
695 2816 930 2872 p.420,9:
964 2817 1084 2860 Vox
1116 2819 1206 2860 est
1239 2850 1249 2860 .
1283 2850 1293 2861 .
1327 2849 1336 2858 .
1369 2815 1536 2859 tauri
1565 2816 1844 2872 mugitus.
1905 2815 2028 2859 Max.

199 2872 319 2917 Vict.
349 2873 496 2929 p.272
515 2874 648 2918 Lind.
673 2874 847 2931 p.1939
866 2875 937 2919 P.:
969 2889 1061 2919 uox
1097 2879 1169 2919 est
1199 2890 1278 2919 aer
1309 2874 1430 2919 ictus
1462 2874 1704 2930 sensibilis,
1737 2874 1815 2930 qui
1843 2874 2031 2918 auditur

201 2933 422 2987 quantum
451 2933 500 2975 in
530 2933 631 2989 ipso
664 2937 746 2977 est.
798 2934 925 2978 uocis
946 2948 1058 2977 uero
1083 2935 1258 2991 species
1289 2937 1395 2978 sunt
1414 2933 1544 2988 duae,
1577 2934 1822 2978 articulata
1854 2937 1902 2978 et
1922 2947 2030 2977 con-

199 2990 316 3034 fusa.
358 2991 604 3035 articulata
640 3007 756 3048 quae
788 2993 1023 3036 hominum
1058 2997 1241 3036 tantum
1276 2996 1359 3048 est,
1378 2993 1499 3036 unde
1525 2993 1772 3038 articulata
1793 2992 1919 3037 dicta
1941 2995 2024 3045 est,

201 3048 336 3106 quod'
360 3050 555 3094 articulo
599 3052 845 3095 scribentis
887 3053 1215 3109 comprehendi
1257 3052 1416 3109 possit.
1479 3051 1681 3107 confusa,
1725 3067 1841 3108 quae
1886 3051 2028 3095 scribi

200 3123 294 3152 non
326 3113 494 3165 potest,
527 3110 671 3154 ueluti
713 3111 868 3154 ouium
909 3112 1107 3166 balatus,
1152 3111 1256 3167 equi
1294 3111 1515 3164 hinnitus,
1565 3111 1699 3155 bouis
1739 3109 1944 3167 mugitus
1978 3113 2026 3152 et

201 3167 318 3211 aliae
348 3169 593 3212 nonnullae
628 3184 764 3213 uoces
798 3173 917 3213 sunt.
959 3175 1015 3225 cf.
1051 3171 1166 3213 Mar.
1190 3171 1310 3215 Vict.
1346 3170 1367 3212 I
1387 3170 1429 3225 2,
1465 3170 1486 3212 1
1521 3185 1565 3226 p.
1585 3170 1700 3214 2451
1718 3170 1768 3213 Ρ.
1800 3168 2027 3213 Priscian:

200 3226 221 3269 I
239 3226 263 3270 1
293 3242 337 3283 p.
357 3228 399 3282 5,
416 3227 465 3270 2:
499 3228 760 3284 philosophi
780 3229 1006 3272 definiunt
1035 3244 1198 3273 uocem
1222 3244 1321 3273 esse
1352 3243 1504 3272 aerem
1532 3229 1859 3272 tenuissimum
1882 3228 2026 3272 ictum

201 3285 275 3328 uel
308 3301 438 3330 suum
471 3287 689 3331 sensibile.
715 3288 893 3330 aurium
927 3288 974 3330 id
1003 3292 1074 3331 est
1109 3289 1231 3344 quod
1272 3288 1460 3345 proprie
1506 3287 1694 3331 auribus
1735 3287 1917 3334 accidit.
1978 3290 2028 3330 et

202 3348 273 3388 est
301 3345 431 3402 prior
461 3345 669 3391 definitio
701 3361 727 3390 a
759 3347 1017 3390 substantia
1049 3351 1242 3404 sumpta,
1280 3348 1426 3407 altera
1455 3360 1566 3390 uero
1598 3361 1625 3389 a
1654 3346 1858 3407 notione,
1890 3359 2027 3402 quam

366 3505 399 3555 4
436 3512 604 3559 audito
641 3511 688 3560 A
713 3507 737 3573 Η
763 3515 790 3558 5
829 3512 985 3559 exillis
1014 3511 1061 3560 A
1095 3513 1252 3560 exillis
1290 3527 1414 3561 corr.
1455 3527 1486 3559 a
1519 3527 1668 3560 mamm
1706 3513 1807 3560 alia
1843 3514 1896 3560 in
1931 3513 2028 3560 exi-

200 3580 260 3628 lis
296 3582 359 3629 M
380 3575 404 3645 ΙΙ
429 3582 458 3627 8
496 3585 545 3629 et
587 3598 675 3632 om.
717 3583 831 3631 ΒΜ
851 3577 877 3648 ΙΙ
899 3583 1132 3646 scriptilis
1157 3582 1206 3630 A
1244 3581 1545 3631 scribalisM
1573 3582 1880 3646 scripturalis
1908 3582 1958 3630 B
1981 3576 2019 3646 ΙΙ
