2314 4056
1236 355 1336 403 212

319 499 378 551 96
521 498 733 551 Probus
772 506 824 550 et
862 498 1055 569 VarrO,
1105 500 1242 554 alter
1294 519 1480 554 eorum
1525 500 1583 553 in
1621 500 1752 554 duas
1793 508 1974 572 partes
2010 501 2198 561 scribit

377 593 434 638 et
467 587 703 659 reliquas
739 588 1009 642 subiectas
1047 589 1193 658 facit,
1213 591 1350 644 alter
1386 590 1444 644 in
1483 598 1735 660 quattuor
1772 600 1932 664 prout
1967 592 2194 664 quisque

373 676 550 746 potuit
584 677 804 731 sentire.

322 835 379 884 97
519 826 628 881 Lac
665 847 774 881 non
815 829 1073 883 debemus
1111 829 1295 885 dicere
1332 830 1426 884 sed
1461 831 1582 884 lact.

309 992 369 1042 98
515 981 860 1034 Glossemata
885 990 945 1035 ut
972 990 1270 1036 toreumata
1309 985 1711 1055 enthymemata
1749 990 1999 1038 noemata
2034 983 2187 1038 sche-
2209 988 2238 1033 5

263 1060 268 1064 ”
377 1078 517 1122 mata
554 1079 803 1142 poemata
842 1080 895 1125 et
931 1071 1014 1126 his
1050 1073 1244 1126 similia
1280 1074 1460 1127 omnia
1479 1074 1741 1127 Varronis
1768 1075 1974 1146 regula,
2013 1073 2191 1148 inquit

374 1160 601 1222 Plinius,
630 1160 809 1214 datiuo
849 1168 903 1214 et
937 1162 1176 1216 ablatiuo
1214 1163 1413 1236 plurali
1437 1164 1492 1216 in
1510 1163 1658 1218 Bvs
1702 1163 1909 1234 dirigit,
1928 1163 2051 1235 quia
2086 1151 2193 1227 sin-

366 1250 573 1320 gularis
609 1250 875 1305 ablatiuus
914 1251 961 1304 E
998 1252 1179 1306 littera
1215 1253 1448 1308 finiatur.

531 1405 604 1447 96.
667 1403 857 1448 Gledon.
897 1418 1062 1449 comm.
1094 1404 1144 1448 in
1171 1404 1344 1449 Donat.
1362 1420 1407 1462 p.
1429 1408 1539 1450 1861
1558 1405 1639 1449 P.:
1671 1405 1742 1449 De
1776 1403 1990 1462 partibus
2021 1405 2192 1455 oratio-

364 1462 452 1506 nis.
484 1461 712 1506 Probus
743 1466 800 1507 et
833 1496 842 1505 .
878 1496 887 1506 .
926 1497 936 1507 .
968 1465 1171 1520 potuit
1202 1465 1449 1509 sentire.
1510 1479 1595 1509 nos
1625 1478 1740 1508 uero
1770 1465 1990 1509 conuenit
2018 1464 2194 1511 Donati

363 1521 494 1578 sequi
524 1523 870 1566 auctoritatem.
1995 1561 2005 1570 ,

529 1583 600 1624 97.
662 1581 823 1637 Pomp.
846 1595 1009 1625 comm.
1024 1583 1112 1624 art.
1126 1581 1246 1624 Don.
1264 1580 1416 1626 XVIII
1446 1584 1471 1624 2
1503 1595 1548 1637 p.
1567 1584 1651 1625 233
1672 1581 1832 1626 Lind.:
1863 1581 2190 1628 Nominatiuus

362 1639 592 1683 tredecim
623 1640 796 1683 litteris
830 1641 1115 1684 terminatur
1137 1673 1146 1683 .
1167 1673 1176 1682 .
1198 1674 1207 1682 .
1226 1640 1473 1697 (Donatus)
1496 1640 1666 1684 adiecit
1686 1641 1733 1684 O.
1763 1643 1818 1684 ut
1847 1640 1966 1685 allec
1997 1644 2078 1686 aut
2101 1641 2188 1696 lac,

362 1698 419 1741 de
453 1713 543 1755 quo
576 1699 835 1743 dubitatur.
889 1700 979 1743 1100
1013 1699 1111 1742 dixi
1145 1700 1343 1755 saepius.
1388 1699 1527 1742 multi
1559 1700 1721 1744 dicunt
1752 1700 1872 1756 (num
1894 1700 2189 1758 inquirunt?)

360 1759 521 1800 utrum
551 1758 623 1802 lac
652 1758 859 1802 dicamus
892 1773 951 1802 311
981 1758 1090 1802 1301.
1137 1761 1185 1802 01
1215 1772 1381 1801 reuera
1414 1758 1453 1802 si
1486 1773 1696 1814 quaeras,
1723 1758 1813 1802 hoc
1839 1760 1931 1803 rite
1961 1759 2074 1804 facit
2100 1773 2190 1804 nec

361 1816 503 1860 aliud.
550 1832 660 1860 nam
691 1818 730 1860 si
762 1817 936 1862 dixeris
967 1818 1053 1870 lac,
1090 1818 1181 1861 erit
1213 1818 1460 1875 genetiuus
1491 1818 1619 1871 lacis,
1653 1817 2041 1874 quemadmodum
2070 1818 2190 1864 allec

360 1876 536 1920 allecis.
575 1877 752 1920 lectum
785 1880 859 1920 est
889 1877 979 1921 1100
1009 1876 1188 1932 saepius
1209 1877 1457 1933 praecipue
1487 1878 1613 1933 apud
1627 1877 1903 1922 Varronem.
1937 1878 2019 1922 ille
2049 1878 2190 1922 dicit:

359 1935 452 1979 lac
475 1949 587 1979 non
607 1969 616 1978 .
633 1969 643 1978 .
658 1936 821 1980 .1301.
865 1937 948 1980 sed
981 1935 1100 1980 dixit
1120 1936 1288 1979 Caesar
1307 1939 1471 1980 contra
1499 1937 1653 1993 ipsum
1682 1951 1783 1980 rem
1808 1937 2187 1990 ualentissimum,

360 1994 542 2038 nullum
573 2009 744 2039 nomen
775 1995 939 2040 duabis
970 1995 1112 2038 mutis
1158 1995 1417 2038 terminari.
1482 1995 1514 2039 C
1546 1999 1595 2039 et
1625 1996 1662 2039 Τ
1703 1995 1822 2039 duae
1867 1999 2025 2041 mutae
2066 1998 2188 2050 sunt,

362 2067 477 2111 ergo
513 2054 692 2098 exclusi
719 2070 878 2099 sumus
909 2055 967 2098 ab
999 2054 1083 2098 illa
1113 2055 1292 2112 regula.
1352 2057 1579 2111 superest,
1614 2058 1669 2098 01
1702 2069 1948 2111 sequamur
1978 2054 2191 2113 regulam

360 2113 532 2166 Plauti,
568 2114 692 2158 lacte
722 2117 776 2158 ut
807 2115 1030 2158 dicamus.
1061 2113 1298 2158 Habemus
1328 2114 1377 2157 in
1406 2113 1718 2158 Bacchidibus
1750 2114 1868 2172 (19):
1901 2114 2038 2161 ‘sicut
2065 2114 2191 2158 lacte

359 2172 496 2218 lactis
530 2174 710 2216 simile’.
783 2173 936 2218 Diom.
967 2188 1014 2229 p.
1033 2175 1134 2224 303,
1173 2175 1223 2217 3:
1272 2173 1427 2216 omnia
1474 2173 1663 2216 nomina
1709 2172 1855 2216 latina
1898 2173 2190 2218 nominatiuo

359 2247 470 2276 casu
502 2232 730 2290 singulari
757 2233 932 2277 litteris
963 2231 1210 2277 duodecim
1245 2231 1466 2276 extremis
1496 2234 1811 2277 terminantur
1834 2265 1844 2275 .
1879 2265 1889 2276 .
1924 2265 1934 2276 .
1972 2235 2081 2277 sunt
2111 2232 2192 2289 qui

359 2291 541 2335 addunt
575 2294 606 2335 O
635 2295 690 2335 ut
719 2292 807 2345 lac,
859 2292 984 2349 quod
1012 2291 1203 2336 Varro
1237 2291 1550 2348 (doctissimus
1585 2295 1684 2336 add.
1720 2291 1860 2349 Keil.)
1891 2291 2010 2336 artis
2039 2305 2191 2350 gram-

359 2351 558 2394 maticae
587 2352 884 2395 exterminat.
956 2351 1144 2395 Cledon.
1181 2364 1347 2394 comm.
1379 2351 1428 2394 in
1457 2351 1626 2394 Donat.
1658 2366 1705 2408 p.
1728 2352 1842 2395 1904
1854 2350 1931 2394 P.:
1973 2354 2042 2394 “ut
2071 2350 2190 2395 allec

358 2410 436 2453 uel
467 2410 539 2453 lac
569 2411 647 2454 uel
674 2410 826 2464 lacte’,
858 2409 967 2467 quia
999 2410 1165 2454 uolunt
1197 2410 1354 2454 dicere
1389 2410 1516 2466 quod
1544 2411 1667 2454 lacte
1698 2410 1873 2454 dicitur
1903 2411 1953 2454 in
1980 2409 2188 2454 nomina-

358 2469 458 2513 tiuo
493 2469 719 2527 singulari
751 2471 882 2513 iuxta
898 2470 1132 2514 Plautum.
1168 2469 1589 2526 ί1301’(1301οιι“6νι·)
1619 2471 1687 2513 ait
1714 2469 1903 2514 Varro
1936 2488 1963 2513 κ
1995 2487 2023 2515 ze
2054 2482 2190 2513 *non

359 2528 464 2582 dici,
524 2543 776 2585 numquam
816 2529 938 2572 enim
982 2542 1152 2572 nomen
1184 2543 1241 2572 ex
1272 2529 1464 2573 duabus·
1481 2528 1624 2572 mutis
1653 2529 1948 2572 terminatur.
1985 2528 2191 2573 occurrit·

361 2589 445 2643 (sic
470 2591 635 2632 Vsener
659 2606 742 2646 pro
778 2591 859 2632 aut
880 2590 1064 2645 currit.)
1099 2587 1201 2632 ‘hoc
1232 2587 1384 2642 lacte',
1411 2588 1536 2644 quod
1563 2588 1678 2632 dicit
1692 2587 1888 2631 Plautus
1922 2589 1997 2646 (fr.
2030 2588 2188 2631 Bacch.

358 2651 416 2693 19
449 2647 651 2705 Ritschl.)
684 2646 821 2691 ‘sicut
865 2651 938 2700 (ut
970 2648 1031 2691 sit
1063 2651 1186 2703 libri)
1228 2648 1350 2692 lacte
1397 2647 1562 2700 lactis’,
1602 2661 1697 2691 non
1738 2646 1875 2691 ‘sicut
1915 2650 1988 2691 lac
2022 2645 2189 2690 lactis'.

361 2706 621 2751 auctoritas
655 2707 854 2764 Vergilii
884 2710 1043 2750 tamen
1072 2706 1147 2751 lac
1175 2707 1309 2750 dixit.
1343 2705 1560 2762 cf.Varro
1591 2705 1824 2751 l.1.V104
1851 2719 1898 2762 p.
1919 2708 2017 2750 106.
2048 2704 2189 2750 Prob-

360 2766 484 2809 cath.
518 2781 564 2822 p.
585 2769 625 2819 7,
659 2769 702 2810 5.
764 2767 899 2811 Varr.
931 2765 1193 2811 Andabatis
1224 2781 1298 2823 ap.
1329 2765 1448 2810 Non.
1479 2780 1525 2822 p.
1542 2767 1628 2809 483
1663 2781 1706 2808 0.
1739 2765 1877 2809 13010.

535 2827 607 2869 98.
674 2824 809 2868 Char.
842 2828 1004 2882 p.131,
1045 2829 1118 2869 10:
1169 2825 1553 2869 Glossemata
1598 2826 1663 2867 ut
1710 2857 1720 2866 .
1757 2857 1767 2867 .
1805 2857 1815 2867 .
1857 2823 2074 2868 littera
2115 2822 2189 2866 fi-

358 2882 580 2926 niatur.
640 2884 807 2927 melior
837 2888 996 2929 tamen
1032 2885 1154 2928 ratio
1186 2887 1270 2936 est,
1306 2898 1445 2942 quam
1475 2884 1561 2927 sub
1585 2883 1628 2926 A
1656 2882 1820 2926 littera
1837 2881 1968 2938 dedi;
2003 2884 2052 2926 01
2085 2881 2191 2927 ideo

357 2940 472 2985 haec
504 2945 552 2985 et
582 2942 822 2998 eiusmodi⁴
845 2957 902 2986 ex
948 2943 1040 2986 alia
1085 2942 1287 2986 formula
1327 2941 1600 2999 genetiuum
1637 2941 1869 2998 pluralem
1909 2943 1958 2985 et
1999 2954 2058 2984 ex
2102 2939 2194 2984 alia

360 3000 573 3044 datiuum
604 3004 807 3055 sumunt,
839 3001 1009 3046 horum
1040 3002 1377 3059 glossematum
1407 3001 1479 3044 his
1511 2999 1824 3058 glossematis.
1854 3003 1914 3056 cf.
1947 3013 1995 3056 p.
2016 3001 2115 3054 123,
2148 3001 2190 3045 3.

503 3153 526 3196 1
565 3147 617 3196 Β
651 3163 721 3189 =
759 3149 862 3197 cod.
901 3146 1168 3198 Berueusis
1201 3150 1308 3197 380
1356 3146 1531 3196 litteris
1575 3144 1850 3194 uncialibus
1883 3145 2195 3206 perscriptus

1239 3221 1354 3244 eorum

362 3275 486 3310 saec.
512 3260 591 3309 VI
623 3260 704 3309 uel
731 3260 843 3308 VII
872 3259 1026 3307 Vasso
1072 3259 1392 3306 altereutrum
1433 3258 1584 3307 deleto
1621 3273 1646 3303 e
1695 3253 1883 3317 (eorum
1927 3269 2056 3311 mam.
2093 3269 2190 3312 rec.

360 3327 634 3392 suprascr.)
673 3330 723 3378 Β
760 3323 784 3393 ΙΙ
818 3345 972 3406 nouas
1007 3330 1060 3377 iu
1092 3344 1186 3390 my.
1215 3343 1342 3377 man.
1365 3328 1553 3377 altera:
1585 3328 1635 3373 in
1674 3326 1794 3373 duas
1816 3323 1913 3383 ΒΗ
1938 3341 1999 3372 311
2020 3325 2195 3375 discri-

362 3419 460 3469 bu?
485 3424 508 3478 ΙΙ
534 3421 564 3466 4
589 3419 639 3468 A
661 3437 715 3461 Ξ
743 3397 1302 3480 codsSduyermauensis
1316 3421 1449 3468 1180
1487 3418 1538 3466 Β
1569 3433 1626 3458 =
1659 3414 2032 3478 οοᾱηςαπρωνη.
2049 3417 2191 3472 1179,

360 3494 562 3551 uterque
583 3505 708 3540 saec.
723 3489 903 3539 VIIII
915 3489 994 3538 uel
1016 3489 1068 3537 X
1084 3487 1159 3536 lac
1177 3505 1274 3535 non
1294 3487 1345 3537 A
1380 3489 1456 3536 lac
1477 3502 1575 3534 non
1608 3500 1791 3537 rasura
1821 3488 1970 3540 unius
2004 3484 2195 3537 ldttoxae

357 3563 473 3622 post
504 3561 579 3607 lac
613 3558 664 3607 B
687 3554 712 3625 ΙΙ
737 3559 765 3606 5
805 3568 1120 3611 esOnmuArA
1156 3576 1366 3607 nonnus.
1400 3574 1609 3607 cumn
1626 3556 1687 3608 N
1701 3557 1726 3615 ΙΙ
1752 3557 1779 3603 7
1822 3556 2007 3618 derigit
2035 3554 2095 3606 N
2108 3547 2137 3618 Η
