2222 4056
1153 348 1248 396 106

284 493 508 547 dubium
546 501 623 547 est
658 513 786 545 num
822 493 912 545 alii
952 510 1167 562 quoque
1203 501 1483 563 praeterea
1510 494 2103 566 intercesserint)‘Dio-

284 584 468 636 medes
506 605 556 656 p.
592 584 696 636 426
734 583 966 655 primum
986 583 1246 637 Varronis
1289 584 1657 638 definitionem
1690 586 1884 656 ⁴paullo
1935 596 2104 642 muta·-

283 682 391 727 tam
452 675 708 746 sumpsit:
765 685 863 729 tota
909 684 1225 743 qrammatica
1275 682 1491 729 consistit
1537 684 1803 743 praecipue
1862 682 2107 734 intellectu

283 775 534 831 poetarum
584 774 629 819 et
675 774 970 831 scriptorum
1013 775 1059 819 et
1092 773 1406 819 historiarum
1441 776 1670 832 prompta
1707 768 2012 834 expositione
2030 769 2104 838 1);

283 874 405 907 cum
452 856 552 908 hac
591 857 826 926 priorem
859 855 1162 908 officiorum
1200 857 1674 925 enumerationem,
1708 858 1846 911 hanc
1891 862 2106 931 quoquie

282 962 391 997 non
428 946 759 1012 inmutatam,
821 945 1131 998 coniunxit:
1183 955 1229 999 et
1259 954 1313 999 in
1347 956 1472 1001 recte
1509 954 1735 1014 loquendi
1770 949 2107 1018 scriliem'bt'que

280 1042 482 1099 ratione,
537 1036 628 1088 ubi
671 1035 971 1088 Varronem
1004 1044 1155 1087 ⁴recte
1195 1042 1385 1103 leyendz'
1419 1038 1807 1110 scribendique
1839 1039 2104 1094 rationem

282 1125 526 1196 posuisse
564 1125 683 1179 ueri
724 1126 898 1178 simile
940 1133 1034 1178 est.
1078 1126 1272 1179 deinde
1314 1128 1558 1197 sequitur
1591 1129 1762 1181 altera
1799 1129 2105 1183 officiorum

283 1214 493 1284 diuisio,
530 1234 689 1284 quam
721 1234 882 1288 supra
918 1217 1278 1270 tract-animus.
1317 1217 1399 1269 sin
1417 1218 1717 1272 Diomedes
1757 1219 1892 1272 haec
1928 1219 2107 1276 omnia

280 1304 423 1377 apud
467 1314 745 1359 auctorem
770 1327 922 1360 suum
947 1308 1204 1380 repperit,
1247 1308 1388 1377 quod
1417 1327 1526 1362 non
1557 1317 1638 1362 est
1663 1328 1756 1362 eur
1783 1309 2105 1379 dubitemuS,

281 1396 572 1449 admodum
606 1398 888 1468 probabile
924 1399 983 1451 fit
1021 1399 1253 1451 eundem
1291 1407 1565 1452 auctorem
1600 1420 1630 1452 a
1669 1400 1971 1470 VictorinO,
2015 1400 2106 1472 qui

282 1495 404 1558 post
437 1487 707 1560 integram
728 1489 988 1541 Varronis
1016 1490 1386 1542 definitionem
1426 1492 1691 1543 turbatam
1721 1491 1869 1543 illam
1910 1491 2106 1549 seriem

283 1579 584 1633 officiorum
621 1581 799 1648 habet,
838 1581 1220 1651 neglegentius
1260 1581 1562 1653 excriptum
1598 1600 1733 1635 esse.
1775 1582 1986 1635 accedit
2014 1591 2104 1636 au·

280 1678 390 1723 tem
432 1670 595 1725 aliud;
673 1671 717 1723 si
752 1671 894 1724 enim
931 1672 1026 1724 has
1067 1672 1363 1725 officiorum
1404 1672 1837 1727 enumerationes
1871 1672 2100 1727 diuersis

282 1761 534 1832 operibus
573 1762 814 1814 tribuere
842 1761 941 1831 uiS,
979 1762 1218 1834 priorem
1240 1781 1363 1815 cum
1383 1762 1768 1832 grammaticae
1795 1761 2107 1816 definitione

279 1871 309 1903 a
329 1850 612 1904 Victorino
635 1852 974 1905 coniunctam
997 1854 1378 1924 grammaticae
1411 1853 1739 1922 adscribere,
1785 1851 2009 1905 alteram
2038 1853 2108 1906 ad

282 1943 451 1995 libros
473 1942 538 1994 de
562 1958 810 1995 sermone
834 1943 1016 2010 latim,
1058 1961 1190 2011 quos
1215 1963 1245 1994 a
1267 1942 1548 1997 Diomedis
1571 1950 1791 1996 auctore
1815 1960 1975 2014 saepe
2019 1941 2108 1995 ad-

282 2033 480 2087 hibitos
500 2050 616 2087 esse
639 2040 862 2102 constat,
899 2034 1106 2086 referre
1129 2034 1309 2087 debes.
1346 2042 1462 2085 tum
1479 2052 1610 2086 uero
1634 2053 1755 2087 cum
1797 2033 2108 2087 definitione

284 2142 314 2176 e
349 2123 620 2194 Dionysio
656 2123 863 2177 Thrace
900 2131 1127 2196 sumpta,
1166 2124 1551 2194 grammaticae
1598 2123 1792 2178 diuisio
1848 2141 1987 2196 quae
2035 2124 2107 2176 ab

282 2232 344 2267 eo
383 2215 558 2267 aliena
598 2222 680 2268 est
721 2214 1090 2285 coniungitur,
1145 2216 1315 2267 altera
1368 2222 1554 2267 contra
1606 2231 1743 2283 quae
1798 2215 1866 2267 ab
1914 2213 2110 2267 eodem

282 2305 512 2377 repetita
551 2313 634 2358 est
670 2306 903 2376 ideoque
939 2307 982 2360 si
1020 2307 1136 2359 ueri
1174 2306 1368 2358 similia
1407 2306 1700 2375 sequimur,
1741 2323 1862 2358 cum
1900 2304 1996 2357 illa
2019 2304 2108 2357 de-

283 2397 529 2449 finitione
568 2414 777 2450 conexa
815 2405 944 2467 erat,
982 2400 1046 2451 ab
1087 2416 1150 2450 ca
1185 2397 1537 2450 abscinditur.
1577 2396 1722 2468 quod
1759 2414 1887 2449 cum
1921 2394 2109 2449 aduer-

283 2507 372 2541 sus
406 2487 845 2559 probabilitatem
889 2497 1115 2560 pugnet,
1169 2490 1305 2541 ratio
1346 2496 1529 2540 nostra
1563 2488 1665 2540 hac
1699 2487 1790 2540 uia
1827 2487 2108 2540 confir-ma-

282 2585 384 2632 tur.
427 2579 514 2650 qui
553 2597 683 2631 uero
728 2579 809 2632 his
845 2581 1167 2651 contemptis
1206 2578 1539 2650 argumentis
1577 2577 1868 2631 secundam
1890 2575 2109 2630 diuisio-

283 2687 406 2722 nem
445 2669 597 2722 libris
633 2671 700 2722 de
737 2688 986 2723 sermone
1023 2672 1188 2723 latino
1227 2670 1515 2741 adsignare
1551 2668 1689 2737 uolt,
1718 2666 2108 2720 adminiculum

285 2760 557 2828 quoddam
609 2761 767 2813 huius
822 2762 1119 2814 sententiae
1160 2762 1215 2813 in
1254 2761 1478 2814 Maximi
1516 2758 2018 2830 Victorinicapite·
2042 2757 2110 2812 de
2178 2757 2197 2765 ’“

283 2850 518 2903 lectione
574 2855 648 2922 (p.
672 2850 774 2903 5272
815 2851 974 2904 Lind.
1015 2872 1065 2923 p.
1092 2852 1224 2904 1938
1245 2853 1330 2916 P.)
1372 2851 1604 2903 inueniri
1643 2849 1799 2902 facile
1852 2849 1954 2902 sibi
1984 2864 2110 2920 'per-

287 2943 522 2996 suadeat.
564 2943 638 2995 ibi
676 2944 818 2996 enim
860 2953 981 3015 post
1020 2944 1246 2996 eandem
1285 2945 1507 2995 alteram
1550 2941 1868 2995 officiorum'
1893 2957 2109 2994 enume-

285 3034 547 3087 rationem
588 3052 744 3103 quam
782 3034 1080 3086 Diomedes
1126 3035 1289 3086 habet
1321 3034 1455 3086 haec
1493 3034 1779 3102 leguntur:
1815 3033 2112 3097 partesbu-

285 3133 431 3180 tionis
477 3135 591 3179 sunt
625 3134 837 3192 quatuor
855 3147 870 3178 .·
915 3134 1139 3179 accentus
1187 3131 1411 3177 discretio
1445 3129 1790 3188 pronunciata
1827 3121 2108 3183 modulatio,

288 3213 617 3286 eaedemque
669 3224 847 3288 partes
863 3214 907 3284 2)
965 3214 1211 3268 subtilius
1267 3232 1427 3283 quam
1462 3233 1492 3264 a
1529 3212 1769 3266 Maximo
1805 3209 2110 3282 explicatae

452 3365 492 3421 1)
527 3364 595 3407 Ea
629 3363 740 3407 satis
771 3365 888 3407 bene
925 3378 1029 3406 eum
1059 3362 1321 3418 fragmento
1354 3360 1409 3404 91
1446 3360 1686 3415 conuenit3
1723 3362 1963 3417 praecipue
1993 3357 2112 3401 illud

287 3449 440 3490 ortum
470 3448 542 3490 est
573 3458 597 3488 e
626 3444 847 3488 Varronis
881 3443 1033 3488 uerbis
1072 3462 1126 3486 ea:
1157 3454 1286 3502 parte
1319 3446 1506 3495 maiore,
1546 3455 1662 3497 quae
1694 3454 1788 3484 non
1815 3441 1943 3484 recte
1974 3438 2108 3482 intel-

287 3526 404 3569 lexit
434 3525 694 3569 Diomedes
1941 3580 1946 3586 .

452 3604 499 3661 2)
533 3603 839 3661 Singulariter
883 3602 929 3647 in
960 3603 1116 3647 multis
1159 3602 1404 3647 conuenire
1450 3600 1702 3645 Maximum
1731 3599 2018 3645 Victorinum
2063 3601 2112 3642 et
