2306 4016
1261 333 1325 378 74

391 495 483 528 aus
535 475 632 527 der
683 476 817 527 auch
853 475 941 528 die
982 476 1276 529 zunaechst
1312 475 1610 546 folgenden
1648 477 2059 546 bemerkungen
2098 484 2211 531 ent-

392 565 544 616 lehnt
583 564 696 617 sein
738 567 974 618 werden.
1038 565 1177 618 ohne
1217 566 1429 618 zweifel
1464 566 1694 634 gehoert
1732 567 1864 620 alles
1901 585 2078 637 genau
2119 588 2207 620 zu-

391 674 644 708 sammen.
719 657 892 708 Varro
936 657 1192 710 handelte
1239 675 1346 707 von
1397 656 1503 709 den
1554 656 1983 726 interiectionen,
2038 658 2209 710 durch

390 746 598 799 welche
634 765 773 816 ganz
810 748 1210 817 vorzugsweise
1250 747 1338 800 ein
1378 747 1907 801 characteristischer
1935 747 2207 802 ausdruck

390 837 488 889 der
524 838 1111 907 gemuethsstimmung
1146 838 1611 907 hervorgebracht
1635 838 1790 907 wird,
1824 838 1937 891 und
1960 838 2207 909 zugleich

390 945 496 979 von
535 927 742 979 andern
777 928 986 980 mitteln
1014 929 1111 980 der
1149 929 1528 999 sprachlichen
1558 929 1912 1000 darstcllung,
1949 949 2039 982 um
2063 930 2215 983 diesc

390 1017 644 1086 wirkung
682 1037 747 1069 zu
789 1018 1091 1070 eri-eichen.
1167 1018 1322 1070 dabei
1360 1018 1510 1071 hatte
1549 1037 1608 1071 er
1644 1038 1771 1071 vom
1813 1014 1941 1084 ἦθος
1975 1017 2087 1072 und
2115 1019 2210 1068 πά-

393 1110 487 1164 θος
516 1107 862 1177 gesprochen
897 1108 1008 1159 und
1047 1108 1134 1160 die
1171 1108 1381 1161 dichter
1419 1110 1515 1161 auf
1543 1109 1712 1162 deren
1750 1109 1976 1180 beispiel
2004 1128 2063 1162 er
2096 1110 2212 1163 sich

391 1197 620 1250 berufen
658 1205 876 1263 musste,
918 1199 1055 1251 nach
1106 1199 1283 1252 dieser
1318 1199 1573 1270 richtung
1621 1202 1754 1253 kurz
1789 1200 2211 1253 charakterisirt.

392 1306 448 1339 so
487 1287 726 1340 erklaert
752 1289 864 1341 sich
889 1289 974 1341 dic
1013 1297 1163 1342 sonst
1198 1290 1525 1343 auffallende
1564 1290 1932 1361 erscheinung
1969 1290 2026 1343 in
2066 1291 2215 1344 einer

389 1378 842 1449 grammatischen
883 1381 1073 1434 schrift
1111 1381 1178 1433 de
1218 1381 1383 1433 latino
1426 1399 1676 1434 sermone
1714 1381 1833 1434 eine
1871 1382 2213 1451 bemerkung

392 1468 570 1522 dieser
608 1477 691 1522 art
728 1490 792 1522 zu
830 1471 1046 1525 finden.'
1094 1479 1264 1523 artem
1306 1467 1411 1536 ἤθη
1447 1479 1501 1523 ct
1538 1470 1683 1537 πάθη
1719 1479 1866 1524 recte
1906 1480 1958 1524 et
1987 1472 2216 1543 pulchre

392 1560 731 1631 exprimendi
751 1569 803 1612 et
825 1561 1127 1614 oratoribus
1151 1569 1203 1613 et
1227 1562 1400 1632 poetis
1424 1579 1540 1614 esse
1582 1562 1812 1614 maxime
1851 1562 2214 1615 necessariam

391 1651 586 1705 Cicero
610 1659 741 1704 orat.
765 1652 847 1720 37,
872 1652 985 1704 128.
1008 1652 1048 1716 1)
1116 1651 1301 1720 Quint.
1323 1651 1442 1704 inst.
1465 1652 1685 1706 orat.VI
1714 1653 1764 1720 2,
1783 1653 1815 1705 8
1835 1670 1914 1721 sq.
1969 1653 2212 1707 Macrobi

392 1759 528 1809 quae
570 1759 638 1792 ex
675 1739 814 1792 libro
841 1742 1258 1795 saturnaliorum
1281 1742 1398 1795 IIII
1422 1750 1608 1795 extant
1649 1742 1774 1795 satis
1815 1743 2119 1812 ostendunt,
2157 1743 2215 1796 in

391 1831 472 1884 his
509 1831 676 1901 igitur
713 1831 880 1901 libris,
919 1832 1110 1901 quibus
1149 1833 1277 1903 quid
1322 1853 1457 1904 pura
1493 1842 1546 1885 et
1581 1834 1803 1904 elegans
1842 1834 2082 1888 latinitas
2124 1853 2215 1906 po·

392 1923 616 1975 stularet
654 1922 961 1993 docebatur,
1006 1943 1121 1977 rem
1175 1931 1282 1976 tam
1325 1924 1509 1994 magni
1547 1925 1807 1977 momenti
1841 1925 2096 1978 intactam
2134 1943 2214 1977 re·

390 2014 638 2082 linquere
674 2034 783 2068 non
814 2015 980 2068 licuit.
1041 2034 1069 2068 e
1107 2017 1225 2070 loco
1263 2024 1446 2069 nostro
1498 2035 1630 2069 uero
1670 2017 1828 2070 facile
1873 2016 2214 2085 intellegitur

390 2103 445 2155 in
481 2103 620 2156 libro
655 2105 839 2174 quinto
871 2106 1291 2159 continentis
1332 2107 1667 2159 sermonis
1703 2107 2018 2159 uirtutes
2050 2124 2215 2178 expo—

390 2193 518 2246 sitas
555 2194 739 2262 fuisse,
785 2195 928 2266 quod
971 2205 1351 2266 argumentum
1393 2215 1550 2266 quam
1603 2213 1771 2269 prope
1817 2196 1884 2248 ad
1934 2196 2209 2249 rhetorum

390 2292 679 2355 praecepta
731 2285 796 2337 de
851 2286 1055 2339 eisdem
1103 2289 1265 2340 rebus
1313 2288 1532 2340 accedat
1586 2307 1681 2340 sua
1727 2294 1921 2358 sponte
1968 2286 2208 2359 adparet.

390 2392 549 2426 nemo
590 2375 822 2443 ignorat,
859 2385 1054 2445 quanta
1078 2378 1373 2430 subtilitate
1413 2385 1465 2430 et
1500 2378 1747 2431 rhetores
1783 2361 1835 2430 et
1874 2375 2210 2448 grammatici

391 2465 459 2517 de
492 2465 781 2519 uirtutibus
820 2474 872 2518 et
911 2466 1059 2520 uitiis
1098 2467 1371 2521 orationis·
1397 2468 1664 2520 disserant
1687 2475 1740 2519 et
1762 2467 2001 2521 infinitas
2025 2481 2213 2519 eor-um

390 2555 707 2625 partitiones
752 2564 804 2608 et
843 2557 1183 2610 definitiones
1224 2559 1517 2629 proferant.
1586 2559 1811 2629 longum
1855 2565 1936 2610 est
1985 2575 2086 2610 nec
2128 2574 2218 2610 ne-

393 2664 544 2699 ccsse
583 2647 825 2717 pluribus
864 2649 932 2700 de
977 2649 1078 2701 hac
1116 2667 1175 2701 re
1214 2667 1379 2720 agere
1421 2667 1557 2719 quae
1584 2648 1911 2704 Ciceronem
1944 2648 2035 2700 uel
2056 2648 2223 2715 Quin—

392 2737 656 2806 tilianum,
693 2738 1020 2792 Diomedem
1063 2739 1152 2791 uel
1207 2740 1499 2808 Donatum,
1550 2747 1609 2791 ut
1647 2748 1852 2792 taceam
1890 2738 2216 2809 posteriores

392 2827 635 2880 rhetores
674 2847 902 2897 graecos
942 2837 995 2881 et
1027 2829 1240 2897 latinos,
1286 2830 1592 2901 inspicienti
1635 2830 1880 2883 obicitur.
1917 2835 2213 2901 propagata

567 3001 612 3056 1)
647 3002 764 3045 ‘Duo
794 3006 902 3046 sunt
936 3018 1051 3059 quae
1081 3004 1199 3047 bene
1230 3006 1432 3047 tractata
1463 3003 1520 3046 ab
1560 3006 1744 3047 oratore
1778 3001 2094 3046 admirabilem
2130 3001 2223 3045 elo-

394 3081 628 3136 quentiam
658 3081 844 3136 saciant,
886 3097 1080 3138 quorum
1120 3084 1319 3127 alterum
1362 3086 1433 3128 est
1478 3083 1600 3139 quod
1645 3083 1801 3140 graeci
1832 3079 2005 3136 ἠθικὸν
2036 3084 2219 3137 uocant,

394 3161 453 3203 ad
483 3164 673 3204 naturas
710 3165 756 3204 et
797 3161 855 3204 ad
896 3177 1045 3206 mores
1092 3168 1137 3206 et
1178 3164 1235 3206 ad
1267 3178 1446 3206 omnem
1477 3163 1602 3206 uitae
1635 3161 2017 3206 consuetudinem
2044 3176 2220 3206 accom-

394 3243 642 3298 modatum,
675 3245 883 3299 alterum,
917 3246 1041 3300 quod
1077 3246 1223 3289 eidem
1261 3243 1519 3300 παθητικὸν
1548 3246 1802 3300 nominant,
1835 3259 1924 3301 quo
1946 3245 2222 3301 perturban-

394 3327 472 3366 tur
505 3323 644 3366 animi
675 3327 723 3366 et
754 3324 1060 3378 concitantur,
1094 3325 1142 3367 in
1179 3341 1268 3380 quo
1308 3339 1399 3368 uno
1433 3328 1598 3381 regnat
1631 3324 1794 3367 oratio.
1859 3323 1975 3366 illud
2009 3323 2221 3379 superius

395 3418 525 3447 come
556 3403 820 3458 iucundum,
853 3403 912 3447 ad
942 3405 1311 3448 beneuolentiam
1344 3404 1680 3448 conciliandam
1705 3405 1934 3459 paratum,
1971 3402 2058 3446 hoc
2086 3402 2221 3446 uehe-

394 3497 522 3526 mens
557 3482 797 3527 incensum
827 3483 1087 3537 incitatum,
1121 3498 1211 3539 quo
1246 3498 1408 3527 causae
1440 3484 1722 3540 eripiuntur3
1765 3482 1888 3538 quod
1919 3496 2023 3526 cum
2056 3482 2218 3538 rapide

397 3563 546 3606 fertur
577 3562 793 3606 sustineri
825 3563 951 3606 nullo
983 3567 1119 3619 pacto
1151 3564 1335 3618 potest'.
1399 3562 1455 3607 cf.
1489 3562 1539 3606 Ο.
1569 3562 1681 3606 Iahn
1712 3562 1742 3605 l.
1775 3562 1803 3604 l.
1835 3560 1990 3617 pslOS
2008 3575 2072 3617 sq.
