2248 4042
1186 342 1284 388 164

323 492 416 543 uel
466 490 538 542 ‘di
581 489 735 540 illum
772 486 1060 558 perduint’,
1113 504 1224 539 non
1265 490 1444 556 potest
1479 484 1634 554 argui
1677 486 1820 556 quod
1859 484 2144 539 mentiatur

329 588 418 633 aut
453 579 600 632 credi
638 576 782 648 quod
820 593 1012 628 uerum
1051 576 1209 628 dicat.
1246 574 1385 628 nihil
1426 574 1569 627 enim
1602 575 1887 628 affirmauit
1921 582 2013 628 aut
2052 591 2145 628 ne·

327 670 492 742 gauit,
543 686 676 738 ergo
723 685 825 720 nec
879 667 1012 720 tales
1062 665 1359 719 sententiae
1405 665 1461 717 in
1500 664 1867 734 quaestionem
1900 665 2144 732 ueniunt,

321 768 381 814 ut
421 759 808 829 disputatorem
842 756 1136 825 requirant.

487 849 600 904 Sed
639 848 761 899 illae
802 865 938 916 quae
974 846 1257 916 requirunt
1293 853 1384 898 aut
1421 845 1691 918 simplices
1730 853 1854 900 sunt
1890 852 1982 899 aut
2019 863 2140 898 con-
2162 849 2190 894 5

324 942 554 994 iunctae.
592 938 862 1008 simplices
901 946 1041 1005 sunt,
1079 955 1212 1008 quae
1252 937 1368 990 sine
1404 937 1516 990 ulla
1553 937 1894 1009 copulatione
1929 943 2142 990 senten-

326 1031 430 1083 tiae
469 1030 691 1082 alterius
731 1028 1091 1092 enuntiantur,
1128 1035 1187 1079 ut
1225 1035 1307 1080 est
1344 1027 1480 1080 illud
1518 1027 1661 1099 quod
1700 1027 1928 1081 dicimus
1952 1025 2143 1080 ‘omnis

322 1121 483 1173 homo
526 1118 796 1172 ambulat’.
876 1118 1194 1171 coniunctae
1246 1125 1370 1171 sunt
1423 1117 1490 1170 de
1536 1137 1762 1189 quarum
1801 1116 2144 1189 copulatione

320 1211 608 1279 iudicatur,
657 1216 718 1262 ut
767 1216 850 1262 est
886 1208 947 1262 ‘si
984 1209 1221 1262 ambulat
1256 1208 1539 1262 mouetur’.
1609 1207 1706 1262 sed
1745 1227 1867 1261 cum
1908 1208 1976 1261 de
2017 1227 2143 1262 con-

320 1301 597 1354 iunctione
634 1299 1024 1353 sententiarum
1060 1299 1318 1352 iudicium
1353 1300 1430 1368 fit,
1470 1298 1674 1352 tamdiu
1712 1307 1795 1352 est
1817 1298 1993 1352 donec
2018 1316 2140 1370 per·
2163 1300 2222 1346 10

319 1392 571 1446 ueniatur
608 1390 677 1443 ad
713 1408 990 1444 summam.
1030 1409 1237 1443 summa
1276 1397 1358 1442 est
1390 1396 1567 1442 autem
1608 1406 1744 1460 quae
1772 1388 2052 1448 conficitur
2075 1406 2145 1441 ex

322 1483 609 1537 concessis,
648 1483 791 1555 quod
830 1481 951 1534 dico
988 1482 1096 1534 tale
1136 1489 1244 1535 est:
1284 1482 1375 1551 qui
1416 1482 1544 1535 dicit
1583 1482 1648 1536 ‘si
1685 1482 1924 1536 ambulat
1964 1498 2144 1536 moue-

318 1573 419 1626 tur'
466 1573 701 1644 probare
740 1573 859 1625 uult
896 1571 1118 1640 aliquid,
1163 1579 1224 1624 ut
1273 1591 1392 1625 cum
1434 1573 1540 1626 hoc
1593 1589 1913 1626 concessero
1950 1587 2142 1629 uerum

329 1681 445 1716 esse
479 1671 647 1716 restet
683 1662 764 1715 illi
806 1663 1021 1731 docere,
1062 1662 1207 1733 quod
1241 1663 1498 1732 ambulet,
1533 1670 1586 1715 et
1620 1682 1827 1717 summa
1850 1674 2145 1731 'consequa-

321 1780 507 1825 homine
537 1782 724 1823 tantum
753 1782 952 1836 possunt
985 1780 1200 1838 intellegi
1241 1785 1288 1825 et
1330 1782 1456 1826 solae
1488 1782 1640 1826 dictae
1669 1784 1868 1839 possunt
1898 1783 1980 1826 aut
2006 1794 2147 1824 uerae

321 1843 402 1884 aut
445 1839 589 1882 falsae
632 1839 738 1892 dici,
778 1841 884 1895 quia
922 1853 1029 1883 cum
1069 1840 1140 1883 his
1184 1841 1326 1885 etiam
1363 1842 1551 1887 nomina
1587 1841 1943 1900 intelleguntur.
2003 1840 2148 1884 tertia

320 1913 432 1942 uero
465 1901 512 1942 et
542 1912 636 1941 non
667 1899 816 1941 omnis
849 1898 947 1942 sola
977 1899 1072 1942 dici
1102 1903 1260 1956 potest
1291 1903 1337 1944 et
1377 1916 1471 1944 non
1512 1901 1569 1945 de
1611 1901 1709 1944 solo
1749 1900 1936 1944 homine
1966 1898 2148 1943 intelle-

321 1959 463 2016 gitur.
498 1958 624 2014 quod
653 1972 766 2014 ergo
798 1957 942 2001 fuerit
973 1973 1030 2001 ex
1061 1959 1351 2003 nominatiuo
1384 1975 1495 2004 casu
1528 1960 1726 2004 nominis
1759 1963 1807 2003 et
1833 1959 1978 2004 tertia
2010 1957 2149 2003 uerbi

319 2032 520 2075 persona
551 2017 864 2069 coniunctum,
898 2017 1199 2074 proloquium
1230 2019 1418 2072 dicitur,
1461 2021 1528 2063 ita
1558 2023 1611 2063 ut
1641 2020 1733 2064 iam
1768 2017 2041 2065 necessario,
2064 2019 2148 2061 aut

322 2091 488 2120 uerum
520 2076 584 2119 sit
615 2079 695 2119 aut
724 2075 894 2119 falsum
922 2079 1003 2119 aut
1034 2077 1240 2121 dubium.
1271 2094 1469 2135 namque
1492 2079 1642 2123 ‘homo
1673 2078 1844 2122 animal
1871 2077 1958 2122 est’
1990 2090 2148 2121 omnes

323 2136 579 2179 iudicamus
610 2150 775 2179 uerum
809 2150 927 2188 esse,
965 2138 1012 2179 et
1045 2141 1195 2180 ‘omne
1229 2139 1400 2181 animal
1430 2138 1567 2182 homo
1596 2139 1682 2181 est'
1707 2152 1864 2181 omnes
1891 2135 2148 2180 iudicamus

327 2196 511 2239 falsum.
547 2195 639 2238 ‘ille
671 2195 909 2251 disputat’‚
943 2197 1152 2251 quamuis
1186 2197 1450 2241 necessario
1471 2201 1552 2241 aut
1584 2197 1794 2253 disputet
1824 2199 1906 2240 aut
1935 2209 2030 2239 non
2060 2195 2150 2238 dis-

324 2258 474 2312 putet,
521 2254 656 2298 nobis
701 2258 859 2297 tamen
897 2255 1089 2298 dubium
1123 2258 1210 2308 est,
1256 2257 1461 2300 alterum
1506 2257 1626 2300 enim
1669 2260 1751 2314 (sic
1781 2260 1837 2300 ci.
1864 2259 2026 2300 Usener
2066 2271 2149 2312 pro

325 2315 538 2366 alterum,
569 2313 702 2369 nihil)
734 2314 902 2357 horum
942 2314 1262 2372 intellegimus
1298 2315 1613 2360 necessarium
1651 2329 1765 2368 esse,
1814 2314 1898 2359 sed
1930 2313 2040 2371 quid
2068 2313 2149 2357 ho-

324 2389 429 2416 rum
457 2374 519 2416 sit
548 2373 795 2416 nescimus.
855 2373 938 2416 ubi
970 2388 1085 2417 uero
1116 2374 1197 2417 illa
1226 2377 1374 2419 uerba
1405 2379 1526 2427 sunt,
1571 2390 1688 2431 quae
1727 2374 2057 2431 impersonalia
2085 2373 2151 2416 dj-

326 2437 509 2485 cuntur,
539 2447 633 2476 non
667 2447 724 2475 ex
754 2432 1040 2476 nominatiuo
1076 2447 1187 2477 casu
1215 2435 1438 2491 impletur
1469 2435 1714 2487 sententia,
1754 2434 1839 2478 sed
1867 2433 1983 2477 alios
2016 2446 2150 2476 casus

326 2492 510 2548 recipit,
541 2495 595 2535 ut
628 2492 928 2548 ‘disputatur’
959 2507 1065 2536 cum
1096 2493 1283 2547 dicitur,
1320 2494 1462 2550 plena
1502 2495 1735 2538 sententia
1775 2495 1860 2545 est,
1909 2492 1950 2536 si
1988 2490 2153 2536 ablati-

325 2567 437 2594 uum
469 2551 709 2608 adiungas,
745 2551 833 2595 hoc
869 2554 941 2595 est
974 2557 1014 2595 ‘a
1034 2552 1285 2606 Cicerone’,
1320 2557 1367 2596 et
1400 2554 1638 2610 ‘poenitet'
1673 2567 1779 2597 cum
1811 2551 1986 2596 dicitur
2013 2550 2154 2607 plena

326 2611 558 2655 sententia
588 2613 674 2664 est,
719 2611 757 2654 si
796 2614 1115 2655 accusatiuum
1150 2613 1390 2670 adiungas,
1440 2613 1490 2656 id
1521 2616 1594 2657 est
1627 2611 1930 2656 ‘Ciceronem’
1963 2612 2012 2654 et
2043 2611 2151 2653 sunt

326 2671 476 2713 multa
521 2670 626 2713 alia.
708 2670 826 2714 illud
870 2674 1029 2714 tamen
1077 2675 1275 2724 constat,
1318 2673 1585 2728 personalia
1628 2673 1774 2716 uerba
1817 2684 1911 2714 non
1956 2668 2153 2726 implere

326 2729 619 2781 sententiam,
654 2729 744 2772 nisi
776 2744 880 2773 cum
911 2731 1200 2775 nominatiuo
1232 2747 1342 2775 casu
1373 2735 1420 2775 et
1447 2732 1591 2776 tertia
1620 2732 1756 2775 uerbi
1784 2743 2000 2786 persona.
2040 2729 2149 2771 sunt

327 2790 468 2832 etiam
500 2789 776 2841 sententiae,
828 2803 943 2844 quae
976 2791 1184 2845 quamuis
1216 2794 1435 2835 constent
1476 2806 1531 2835 ex
1564 2791 1751 2834 nomine
1793 2790 1841 2833 et
1878 2788 2039 2840 uerbo,
2085 2785 2149 2829 af-

325 2847 503 2891 firmari
539 2851 698 2891 tamen
743 2851 824 2891 aut
866 2850 1030 2905 negari
1075 2864 1170 2892 non
1214 2854 1424 2906 possunt,
1474 2865 1590 2907 quae
1629 2864 1724 2894 non
1756 2846 2016 2905 proloquia,
2066 2845 2149 2888 sed

325 2907 510 2963 eloquia
541 2906 697 2950 dicere
725 2907 960 2951 nonnullis
989 2908 1182 2964 placuit,
1208 2912 1261 2951 ut
1290 2913 1361 2953 est
1391 2911 1556 2954 modus
1587 2909 1908 2966 imperatiuus.
1944 2919 2051 2949 cum
2082 2904 2148 2948 di-

325 2967 472 3011 cimus
519 2965 652 3009 ‘Aiax
683 2967 850 3018 curre’,
913 2967 1006 3009 iam
1048 2967 1187 3023 plena
1228 2969 1461 3012 sententia
1502 2972 1588 3022 est,
1631 2982 1740 3012 nam
1783 2980 1870 3010 nec
1901 2965 2052 3010 solum
2081 2964 2149 3008 in-

322 3026 487 3084 tellegi
517 3025 600 3070 sed
630 3026 774 3070 etiam
808 3025 913 3069 fieri
941 3029 1100 3083 potest
1132 3028 1258 3082 quod
1286 3028 1481 3071 dicimus
1502 3032 1628 3083 (libri
1645 3027 1796 3080 dicis)‚
1813 3024 1980 3082 negari
1992 3027 2150 3068 tamen

1823 3115 1846 3138 u

493 3150 516 3194 1
557 3147 637 3194 uel
677 3148 746 3195 dii
784 3147 935 3196 BDO
963 3152 1049 3195 aut
1088 3148 1157 3195 dii
1193 3146 1242 3195 P
1259 3149 1282 3206 11
1323 3148 1556 3212 perduint
1590 3149 1644 3196 D
1694 3151 1904 3214 perdant
1938 3149 1990 3198 B
2037 3166 2149 3213 per-

325 3218 445 3266 dant
477 3218 517 3267 G
547 3217 763 3280 perdunt
797 3216 887 3276 ΡΙΙ
925 3221 953 3266 2
995 3217 1114 3265 dicit
1149 3217 1346 3274 BDPu
1385 3218 1647 3266 affirmabit
1687 3221 1771 3276 011
1801 3219 2001 3282 negabit
2037 3219 2079 3269 G
2118 3217 2145 3280 ΙΙ

327 3291 354 3336 3
397 3288 521 3334 tales
568 3289 836 3335 sententiae
881 3305 968 3335 nec
1006 3287 1054 3335 P
1090 3289 1113 3344 ΙΙ
1155 3291 1457 3351 questionem
1495 3288 1535 3336 G
1571 3290 1594 3345 ίΙ
1639 3293 1666 3338 6
1707 3294 1820 3337 sunt
1855 3285 1997 3352 quae]
2032 3293 2146 3336 sunt

324 3374 413 3406 om.
455 3358 505 3405 B
528 3359 552 3416 ΙΙ
592 3359 620 3404 7
658 3361 716 3404 ut
745 3361 818 3404 est
855 3358 980 3406 illud
1021 3359 1155 3420 quod
1194 3358 1398 3406 dicimus
1435 3359 1588 3405 omnis
1618 3361 1763 3407 homo
1802 3359 2022 3408 ambulat
2051 3373 2144 3406 om.

324 3426 374 3475 P
391 3429 414 3485 ΙΙ
442 3430 469 3474 9
509 3428 817 3475 coniuntione
857 3429 897 3478 G
916 3430 940 3486 Η
970 3430 1032 3475 10
1070 3428 1242 3475 tandiu
1277 3429 1327 3476 B
1350 3429 1375 3485 Η
1412 3429 1469 3475 11
1511 3427 1764 3490 summam]
1802 3444 1988 3477 summa
2025 3425 2077 3475 P
2111 3424 2144 3487 ΙΙ

328 3500 388 3544 13
424 3497 517 3544 hoc
552 3514 648 3545 non
688 3513 965 3550 concessero
987 3496 1143 3546 BDP
1173 3515 1271 3545 non
1295 3513 1488 3547 erasum
1522 3500 1576 3546 in
1601 3499 1642 3548 O
1660 3501 1684 3558 ΙΙ
1714 3503 1775 3547 14
1805 3499 1993 3547 docere
2010 3496 2144 3560 quod

322 3583 420 3613 non
452 3572 678 3616 mouetur
715 3567 931 3616 ambulet
968 3569 1136 3616 deletis
1169 3569 1332 3617 uerbis
1369 3570 1500 3632 quod
1533 3584 1630 3616 non
1666 3572 1893 3619 mouetur
1924 3568 1975 3618 B
2010 3569 2035 3628 Η
2064 3610 2065 3614 ,
2136 3603 2139 3610 -
