2418 4048
953 292 1018 337 67

75 441 342 496 iti-metro
378 437 723 510 explicandO,
759 437 827 489 de
864 454 968 505 quo
1010 434 1138 503 quid
1175 432 1541 485 Aristoxenus
1577 433 1807 486 senserit
1845 451 1915 485 ex

75 531 322 603 Aristide
369 529 706 598 Quintiliano
727 530 767 595 ¹)
821 526 916 596 (cf.
968 526 1039 579 A.
1078 524 1357 578 Rossbach
1397 524 1606 593 griech.
1647 532 1804 577 metr.
1860 544 1912 596 p.

77 623 142 677 13
163 623 269 693 sq.)
307 620 694 691 conligendum
732 626 829 686 cst,
867 619 932 671 ab
960 618 1063 669 hoc
1096 635 1206 669 non
1229 615 1496 683 discessit,
1530 635 1655 667 nam
1679 624 1912 668 metrum

76 714 396 783 rhythmum
431 712 594 765 modo
630 710 843 763 finitum
883 707 1022 760 dixit
1061 707 1149 775 (fr.
1178 706 1290 774 65),
1342 714 1395 758 et
1445 705 1547 758 hac
1596 705 1914 758 definitione

75 800 238 860 nixus
277 803 410 875 quid
447 803 590 857 inter
625 809 914 870 utrumque
955 798 1248 852 discrimen
1310 797 1378 849 sit
1413 797 1710 850 accuratius
1751 816 1919 870 expo-

78 898 185 951 suit
205 896 295 962 (fr.
313 895 423 964 66)
464 914 587 947 cum
621 900 799 946 autem
833 892 889 944 in
929 890 1084 943 metri
1125 889 1438 943 definitione
1472 890 1828 960 praecipuum
1862 890 1910 942 ei

78 989 149 1042 sit
185 986 331 1060 quod
368 987 534 1040 finem
572 985 748 1052 habet,
789 983 969 1036 statim
1007 982 1110 1034 hoc
1151 982 1271 1033 loco
1309 999 1432 1034 eum
1470 981 1772 1054 disputasse
1804 982 1914 1034 exi—

45 1080 237 1137 ,stimo
279 1077 348 1130 do
384 1076 580 1130 finibus
617 1076 710 1128 uel
748 1073 1005 1128 clausulis
1046 1081 1343 1125 metrorum
1371 1072 1461 1140 (fr.
1481 1073 1593 1141 67),
1631 1073 1697 1125 de
1720 1074 1912 1142 quibus

81 1170 150 1223 cf.
187 1169 250 1223 R.
285 1168 528 1238 Bentley
578 1165 762 1223 sched.
818 1165 884 1218 de
930 1172 1084 1218 metr.
1129 1165 1350 1217 Terent.
1393 1183 1445 1235 p.
1479 1164 1528 1218 8.
1589 1163 1655 1216 ad
1692 1163 1913 1218 Terent.

80 1259 320 1330 Adelph.
364 1259 492 1313 IIII
511 1258 562 1327 4,
588 1258 633 1312 1.
689 1256 760 1312 Gr.
799 1258 1081 1310 Hermann
1121 1257 1278 1309 elem.
1316 1257 1486 1309 doctr.
1525 1264 1678 1309 metr.
1717 1275 1769 1327 p.
1795 1257 1914 1311 181.

77 1353 198 1407 432.
272 1351 473 1405 deinde
527 1358 710 1422 partes
760 1350 914 1420 quasi
955 1351 1114 1403 metri
1169 1351 1544 1404 recensendae
1599 1359 1752 1404 erant
1803 1353 1920 1404 cola

81 1452 344 1499 commata
379 1443 591 1516 periodi
634 1443 721 1511 (fr.
745 1441 856 1512 68),
895 1441 960 1496 cf.
981 1442 1274 1512 Westphal
1311 1443 1499 1514 philol.
1535 1443 1645 1495 XX
1666 1463 1717 1515 p.
1737 1443 1802 1495 79
1825 1461 1922 1512 sq„

82 1544 312 1605 quorum
345 1533 506 1586 colon
540 1539 621 1584 est
660 1531 806 1600 quod
842 1531 1028 1584 finitis·
1050 1539 1260 1585 constat
1293 1531 1539 1602 pedibuS,
1602 1552 1814 1585 comma
1866 1533 1922 1586 in

82 1644 188 1698 quo
224 1643 349 1696 pars
382 1623 538 1696 pedis
573 1630 834 1691 remanet,
891 1640 1028 1692 quac
1078 1622 1298 1675 nomina
1340 1630 1650 1676 constanter
1689 1625 1916 1676 confun-

81 1717 300 1786 duntur,
334 1723 394 1769 ut
431 1734 462 1768 a
495 1714 769 1768 Diomede
806 1732 858 1784 p.
890 1714 1012 1783 498,
1048 1713 1130 1782 10,
1187 1713 1351 1766 immo
1402 1734 1430 1767 a
1467 1713 1751 1768 Victorino
1794 1716 1911 1787 ipso

81 1806 175 1878 qui
222 1806 400 1860 statim
447 1814 571 1878 post
618 1805 715 1858 has
754 1804 1096 1858 definitiones
1141 1805 1305 1873 (113,
1336 1805 1369 1856 2
1405 1823 1457 1876 p.
1504 1805 1642 1858 2498
1663 1803 1734 1876 Ρ)
1783 1826 1923 1859 arma

78 1905 336 1964 uirumque
374 1918 494 1952 cano
532 1897 694 1950 colon
732 1895 989 1966 adpellat‚
1027 1914 1150 1948 cum
1191 1896 1261 1948 sit
1297 1914 1526 1963 comma,
1584 1896 1648 1948 cf.
1687 1896 1920 1949 Atilium

83 1987 535 2044 Fortunatianum
591 2005 751 2059 quem
801 1986 989 2040 dicunt
1021 1987 1079 2039 II
1106 1986 1190 2054 28,
1217 1986 1248 2038 8
1286 1986 1498 2058 p.'2699
1518 1987 1580 2039 P.
1630 1994 1921 2058 utrumque

83 2080 256 2152 igitur
296 2079 365 2132 ad
388 2098 662 2134 caesuram
706 2087 931 2151 spectat,
971 2097 1108 2150 quae
1147 2078 1190 2131 si
1229 2097 1352 2130 cum
1389 2078 1499 2130 fine
1536 2079 1693 2149 pedis
1724 2089 1923 2131 conue-

83 2172 165 2227 nit
206 2172 386 2241 colon,
442 2171 486 2224 si
533 2172 589 2224 in
630 2171 826 2243 pedem
875 2169 1064 2223 incidit
1120 2189 1332 2223 comma
1382 2168 1549 2222 efficit
1567 2168 1631 2237 2).
1701 2187 1925 2223 uersum

86 2433 204 2476 quae
231 2418 280 2462 in
311 2416 543 2462 Victorini
577 2416 708 2459 libris
740 2429 797 2458 ex
817 2415 897 2458 illo
929 2415 1115 2458 fluxisse
1146 2415 1390 2472 VVest-phal
1425 2416 1472 2470 (l.
1506 2416 1535 2459 1.
1572 2431 1616 2472 p.
1637 2417 1709 2460 91.
1731 2416 1832 2460 101.
1865 2417 1923 2461 al.

87 2500 146 2545 of.
176 2498 422 2544 harmonik
451 2513 496 2541 u.
528 2497 695 2553 melop.
729 2496 773 2539 d.
810 2510 879 2552 gr.
909 2511 956 2552 p·
985 2495 1042 2539 36
1063 2498 1147 2551 sq.)
1190 2496 1410 2552 probauit
1440 2496 1639 2540 Varroni
1686 2499 1925 2553 tamquam

87 2579 265 2624 abhoc
294 2581 486 2635 accepta
515 2577 724 2621 tribuere
752 2575 894 2629 nolui⁷
930 2575 1038 2631 quia
1075 2574 1211 2618 etiam
1257 2576 1369 2620 alios
1409 2578 1540 2620 uelut
1572 2577 1783 2621 Caesium
1817 2578 1926 2620 Bas-

89 2675 188 2704 sum
209 2675 266 2704 ex
289 2659 384 2712 illo,
405 2657 686 2715 posteriores
719 2659 871 2700 autem
898 2670 954 2699 ex
981 2656 1274 2699 encheiridiis
1293 2658 1605 2712 posteriorum
1624 2657 1928 2709 Graecorum,

87 2741 168 2798 qui
198 2740 368 2784 iterum
399 2739 529 2783 illum
570 2737 647 2781 hic
677 2737 774 2781 illic
807 2736 1028 2780 adhibere
1068 2739 1336 2793 potuerunt,
1380 2736 1589 2780 hausisse
1633 2738 1708 2780 uel
1748 2741 1927 2781 certum

88 2824 160 2865 est
189 2821 266 2864 uel
297 2820 553 2877 probabile.
1459 2819 1461 2821 ’

255 2901 300 2958 1)
329 2901 351 2944 I
379 2900 501 2958 1249
527 2900 694 2944 Meib.:
730 2903 902 2958 μέτρον
933 2898 1026 2957 μὲν
1054 2891 1134 2942 οὖν
1166 2899 1259 2941 ἐστι
1299 2892 1509 2954 σύστημα
1542 2899 1705 2942 ποδῶν
1739 2899 1786 2946 ἒξ
1820 2895 1928 2942 ἄνο-

87 2985 239 3040 μοι’ων
267 2981 504 3037 συλλαβῶν
535 2984 837 3039 συγκείμενον
868 2981 947 3023 ἐπὶ
977 2980 1124 3038 μῆκος
1156 2973 1431 3037 σύμμετρον.
1489 2979 1728 3038 διαφέρειν
1761 2979 1812 3021 δὲ
1844 2979 1927 3021 τοῦ

91 3062 274 3121 ῥυθμοῦ
315 3075 475 3120 φασιν,
508 3063 551 3104 οἱ
581 3060 673 3119 μὲν
703 3058 765 3108 ὠς
794 3064 936 3119 μέρος
965 3055 1086 3112 ὅλου,
1125 3057 1274 3117 τομὴν
1302 3057 1391 3116 γὰρ
1424 3060 1606 3118 ῥυθμοῦ
1627 3072 1774 3118 φασιν
1804 3056 1928 3112 αὐτὸ,

90 3138 211 3199 παρὸ
245 3145 321 3185 καὶ
350 3145 525 3200 μέτρον
553 3142 776 3198 εἰρῆσθαι,
812 3137 887 3183 διὰ
917 3137 968 3183 τὸ
1002 3144 1180 3198 μείρειν
1212 3136 1238 3182 ὅ
1273 3144 1483 3198 σημαίνει
1515 3143 1724 3198 μερίζειν.
1790 3142 1832 3181 οἵ
1876 3139 1927 3180 δὲ

90 3219 202 3265 κατὰ
218 3219 301 3276 τὴν
324 3218 447 3277 ὕλην·
474 3223 566 3266 τῶν
594 3219 682 3279 γὰρ
709 3224 970 3279 γινομένων
1002 3222 1052 3263 ἐκ
1084 3221 1213 3264 δυοῖν
1243 3217 1478 3278 ἀνομοίων
1502 3213 1799 3277 τούλάχισιον
1822 3233 1924 3274 γεν-

91 3297 300 3360 νώμενον
328 3300 412 3346 τὸν
437 3302 530 3361 μὲν
561 3299 748 3361 ῥυθμὸν
779 3302 830 3344 ἓν
864 3294 994 3357 ἄρσει
1026 3303 1102 3343 καὶ
1137 3304 1265 3343 θέσει
1294 3297 1375 3354 τὴν
1406 3296 1567 3342 οὐσίαν
1597 3300 1620 3341 ἕ
1617 3311 1740 3356 χειν·
1788 3295 1838 3340 τὸ
1873 3298 1923 3340 δὲ

92 3385 263 3440 μέτρον
294 3382 345 3426 ἐν
379 3384 620 3438 συλλαβαῖς
650 3385 726 3425 καὶ
755 3382 807 3440 τῇ
837 3374 1006 3423 τούτων
1034 3376 1336 3437 ἀνομοιότητι.

81 3455 87 3460 ’
260 3460 308 3518 2)
331 3462 472 3506 -Vnde
503 3462 645 3505 ctiam
677 3462 872 3517 adparet
901 3460 1056 3516 paullo
1086 3459 1276 3503 inferius
1301 3459 1421 3516 apud
1441 3458 1730 3503 Victorinum
1753 3457 1790 3512 (Ι
1820 3457 1929 3510 13,6

99 3554 141 3598 p.
164 3538 317 3596 2498),
359 3554 497 3595 quem
537 3539 723 3584 omnino
763 3540 888 3584 iusto
918 3537 1259 3594 corruptiorem
1291 3535 1439 3581 edidit
1469 3535 1666 3579 Thomas
1697 3533 1927 3589 Gaisford‚
