2358 4016
1217 281 1284 326 42

349 420 479 472 mihi
516 423 808 474 constabat.
885 441 1041 491 quam
1101 423 1266 476 multa
1303 431 1481 476 autem
1518 425 1865 478 librariorum
1902 434 1954 478 et
1989 445 2168 495 gram-

349 509 679 563 matistarum
733 511 1098 564 additamenta
1154 513 1209 565 in
1263 514 1416 565 libris
1473 514 1671 566 nostris
1731 516 1933 568 lateant
1987 515 2170 568 docuit

350 585 593 670 Spengel
628 601 663 652 1.
699 602 733 653 1.
772 620 821 671 p.
862 602 925 653 12
958 621 1037 671 sq.
1093 603 1260 673 praef.
1297 603 1453 655 Varr.
1491 621 1544 673 p.
1582 603 1897 659 XXXVIII
1937 625 2014 676 sq.
2071 623 2170 658 nec

349 689 545 743 desunt
594 693 841 763 exempla
890 694 1133 746 locorum
1187 693 1354 765 ipsius
1406 695 1683 764 scriptoris
1719 696 1898 750 uerbis
1955 714 2024 749 ex
2060 697 2167 749 alio

346 781 469 832 loeo
506 780 688 833 inlatis
727 781 1195 853 interpolatorum.
1259 790 1317 834 ut
1357 784 1413 835 in
1445 784 1626 836 uerbis
1667 785 1915 856 proxime
1952 793 2164 838 antece-

347 870 596 923 dentibus
654 872 761 939 (VI
789 873 856 925 43
906 893 956 944 p.
986 874 1136 941 222);
1193 883 1402 940 οορὶὐανε
1456 897 1487 929 a
1531 885 1738 943 coyendo
1791 885 1985 941 dictum,
2037 898 2171 931 mens

344 966 498 1025 plura
537 968 589 1014 in
624 983 772 1015 unum
807 971 933 1029 coqit
972 971 1100 1017 unde
1136 971 1310 1030 eligere
1335 974 1509 1030 possit.
1560 970 1646 1032 [sic
1681 988 1704 1021 e
1740 974 1860 1022 lacte
1893 967 2054 1022 eoa'cto
2089 989 2166 1022 ca-

346 1070 455 1103 seus
487 1054 801 1117 nominatus],
837 1061 907 1106 sic
941 1074 998 1107 ex
1033 1061 1303 1108 hominibus
1337 1066 1492 1111 contio
1528 1064 1657 1111 dieta
1698 1076 1742 1110 e.
1766 1078 1814 1128 q.
1840 1077 1880 1110 s.
1917 1058 2068 1111 uncis
2091 1058 2168 1109 in-

346 1141 492 1192 clusa
527 1142 658 1194 ferri
693 1152 986 1211 nequeunt.
1061 1145 1216 1215 plura
1269 1146 1412 1199 enim
1459 1166 1566 1199 non
1619 1155 1886 1219 coguntur
1923 1147 1979 1200 in
2025 1149 2166 1201 laete

344 1237 403 1282 ut
439 1249 626 1283 caseus
664 1231 772 1299 fiat,
813 1233 908 1284 sed
946 1234 1120 1303 ipsum
1161 1237 1246 1288 lae
1285 1236 1514 1306 cogitur,
1552 1256 1661 1290 uox
1687 1246 1757 1292 sic
1798 1255 1928 1307 ergo
1964 1237 2164 1309 inepta.

345 1328 504 1389 atque
525 1321 704 1374 Varro
743 1340 960 1394 semper
995 1323 1110 1377 fere
1146 1325 1201 1378 in
1241 1326 1662 1380 deriuationibus
1697 1350 1727 1381 a
1766 1327 2164 1398 praepositione

347 1411 514 1463 utitur
549 1411 627 1479 (in
662 1415 1012 1484 sequentibus
1049 1435 1145 1468 eur
1181 1415 1237 1468 id
1271 1435 1378 1468 non
1416 1418 1607 1470 fecerit
1643 1418 1883 1489 adparet,
1924 1426 2159 1490 praeter-

347 1521 505 1572 quam
557 1504 702 1571 quod
756 1504 982 1558 interest
1034 1506 1237 1574 aliquid
1275 1507 1416 1559 inter
1456 1508 1635 1560 dicere
1676 1517 1728 1561 et
1769 1509 2070 1578 nominare)
2111 1517 2165 1563 et

344 1590 400 1642 in
438 1592 685 1646 omnibus
725 1612 860 1664 quae
898 1594 985 1647 hie
1024 1613 1145 1647 eum
1185 1614 1387 1664 eogere
1424 1598 1711 1667 conposuit
1750 1600 2028 1653 uocabulis
2072 1619 2165 1652 uo-

347 1681 517 1734 calem
553 1703 578 1736 ο
615 1683 866 1751 seruauit,
903 1684 1045 1755 quod
1073 1685 1313 1755 quamuis
1340 1685 1622 1740 leuidense
1659 1688 1907 1741 uideatur
1941 1690 2164 1742 alieuius

346 1771 602 1824 momenti
639 1781 735 1825 est.
775 1781 987 1844 sumpta
1010 1782 1133 1826 sunt
1155 1777 1319 1828 uerba
1342 1793 1411 1828 ex
1432 1776 1569 1828 libro
1591 1778 1640 1829 V
1668 1777 1764 1830 108
1786 1797 1836 1849 p.
1861 1779 1950 1830 111
1998 1800 2164 1833 caseus

345 1882 377 1914 a
425 1870 584 1915 coacto
632 1869 752 1917 lacte
799 1873 851 1916 ut
895 1885 1099 1918 coaoeeus
1151 1871 1324 1919 dictus.
1397 1847 1669 1918 similiter⁶
1690 1867 1744 1918 in
1791 1867 1982 1920 eodem
2019 1868 2160 1921 libro

347 1959 500 2004 sexto
539 1951 606 2003 69
641 1972 693 2023 p.
713 1952 814 2005 246
867 1954 1034 2006 uerba
1089 1961 1292 2019 spondet
1329 1963 1454 2009 enim
1495 1963 1577 2022 qui
1613 1963 1730 2010 dicit
1767 1979 1798 2010 a
1831 1978 1923 2011 sua
1958 1968 2128 2024 sponte
2150 1981 2165 2011 .·

345 2049 559 2107 spondeo
612 2042 841 2112 repetita
893 2053 1015 2098 sunt
1063 2063 1092 2097 e
1144 2046 1454 2117 praemissis
1502 2047 1569 2099 69
1609 2067 1661 2119 Ρ.
1683 2047 1786 2100 245
1823 2055 2062 2114 spondere
2097 2059 2168 2103 ast

343 2141 503 2189 dicere
535 2141 764 2203 spondeO,
801 2147 1034 2203 asponte,
1074 2159 1189 2193 nam
1219 2146 1275 2193 id
1309 2146 1439 2194 ualet
1475 2140 1631 2210 (ualet
1661 2151 1704 2195 et
1741 2142 1860 2197 eod.
1904 2145 2165 2217 ef.Spen-

344 2225 438 2295 gel
475 2226 510 2278 l.
550 2226 585 2279 1.
627 2243 678 2295 p.
715 2226 804 2293 29)
837 2249 868 2281 a
905 2235 1168 2283 uoluntate.
1207 2238 1259 2282 et
1294 2230 1363 2282 84
1398 2249 1449 2300 p.
1481 2229 1576 2283 261
1623 2251 1758 2302 quae
1797 2234 2056 2303 leguntur
2091 2246 2165 2290 in-

344 2324 505 2371 didem
538 2326 714 2383 puteus
764 2325 894 2384 quod
925 2326 997 2373 sic
1025 2340 1256 2387 graecum
1291 2329 1544 2387 antiquum
1583 2343 1679 2376 non
1730 2334 1783 2378 ut
1820 2346 1948 2379 nunc
1988 2325 2163 2391 φρέαρ

343 2414 524 2462 dictum
561 2425 590 2460 e
624 2408 763 2461 libro
803 2409 987 2478 quinto
1027 2410 1095 2461 25
1114 2428 1167 2480 p.
1193 2411 1257 2461 41
1291 2410 1473 2464 inlata.
1514 2411 1579 2464 ef.
1601 2431 1736 2484 quae
1774 2434 1825 2485 p.
1851 2415 1910 2466 17
1939 2414 2006 2467 de
2041 2416 2166 2469 libri

345 2496 514 2567 quinti
534 2497 601 2549 22
621 2499 746 2567 Ρ.31
770 2499 900 2552 dixi.
941 2498 1037 2552 sed
1058 2499 1224 2552 redeo
1246 2500 1314 2552 ad
1333 2501 1514 2553 locum
1536 2503 1974 2576 suprascriptum.
2011 2505 2165 2558 uerbi

345 2593 527 2638 metuo
556 2605 690 2658 quae
710 2587 783 2640 ibi
808 2589 1086 2659 profertur
1112 2590 1399 2660 explicatio
1422 2593 1617 2644 misere
1643 2593 1890 2646 confecta
1909 2602 1990 2647 est
2014 2612 2082 2648 ex
2103 2613 2166 2648 ea

345 2695 480 2746 quae
516 2677 656 2731 infra
693 2679 895 2749 legitur
930 2690 1139 2734 metuere
1175 2702 1206 2734 a
1241 2688 1448 2746 quodam
1481 2691 1612 2736 motu
1646 2691 1798 2738 animi
1832 2706 1938 2738 cum
1962 2692 2016 2738 id
2038 2693 2167 2752 quod

342 2774 465 2821 male
502 2767 703 2836 (malum
738 2768 805 2839 F)
843 2790 1071 2824 casurum
1102 2780 1249 2835 putat
1284 2777 1465 2838 refuyit
1497 2793 1629 2826 mens
1668 2774 1742 2844 (p.
1779 2774 1917 2839 225),
1955 2776 2051 2829 sed
2092 2779 2165 2828 ita

343 2865 400 2911 ut
419 2859 671 2928 neglecto
691 2859 794 2912 hoc
816 2859 1116 2930 ueriloquio
1137 2882 1270 2915 mens
1294 2862 1618 2916 uocabulum
1647 2872 1919 2934 prematur
1952 2874 2006 2918 et
2035 2874 2163 2918 tam-

345 2967 501 3019 quam
529 2957 750 3019 etymon
776 2959 1022 3022 ponatur,
1050 2971 1080 3003 a
1104 2969 1206 3019 quo
1233 2952 1505 3005 reminisci
1533 2972 1577 3005 e.
1599 2974 1707 3024 q-S·
1741 2974 1952 3028 quoque
1986 2957 2163 3010 dueta.

345 3040 540 3093 deinde
575 3043 742 3095 uerba
779 3060 881 3094 nee
918 3050 977 3094 ut
1018 3042 1213 3113 scripta
1250 3050 1373 3094 sunt·
1425 3062 1607 3096 sanam
1643 3047 1906 3114 praebent
1953 3055 2163 3100 senten-

344 3131 471 3184 tiam
512 3150 612 3185 nee
649 3133 915 3201 quomodo
955 3132 1117 3184 talem
1156 3132 1356 3185 efficias
1396 3133 1555 3186 facile
1597 3142 1678 3187 est
1713 3135 1877 3205 dictu,
1914 3156 2038 3189 nam
2067 3138 2163 3190 uix

345 3223 489 3292 quod
522 3223 852 3296 Spengelius
889 3223 1171 3294 proposuit
1219 3231 1329 3278 hinc
1375 3231 1518 3278 etiam
1555 3234 1778 3290 metuisti,
1816 3236 2014 3280 mentem
2051 3249 2164 3293 quo-

345 3320 596 3369 dammodo
643 3323 818 3368 motam
863 3321 1086 3368 amouisti
1135 3314 1384 3384 placebit.
1457 3315 1837 3385 grauissimum
1892 3335 2021 3370 uero
2065 3326 2162 3386 est,

347 3405 490 3475 quod
551 3404 831 3477 praeteriti
884 3423 1115 3477 persona
1169 3405 1404 3458 secunda
1457 3425 1717 3477 nusquam
1768 3415 2050 3478 praeterea
2107 3410 2163 3464 in

343 3495 633 3549 uerborum
673 3495 1020 3566 etymologiis
1065 3495 1284 3568 ponitur
1331 3514 1432 3549 nec
1470 3514 1567 3549 eur
1620 3496 1709 3549 hic
1756 3505 1988 3569 ponatur
2039 3517 2161 3571 per-
