2372 4082
1115 362 1218 409 219

231 498 536 572 dicuntur,
575 506 722 576 quod
758 525 878 560 esse
913 505 1151 559 ostendit
1170 505 1346 559 Varro
1381 507 1436 559 in
1479 507 1718 560 secundo
1756 509 1826 562 de
1859 511 2088 580 antiqui-

257 604 367 652 tate
395 598 720 667 litterarum,
743 598 946 652 docens
981 597 1170 666 lingua
1206 598 1591 651 chaldaeorum
1618 599 1955 669 singularum
1990 620 2091 653 no-

255 691 401 754 mina
418 691 721 745 litterarum
761 691 827 744 ad
864 709 1051 743 earum
1087 692 1289 744 formas
1329 708 1447 743 esse
1475 690 1614 743 facta
1644 699 1697 743 et
1726 710 1796 745 ex
1831 693 1938 746 hoe
1974 711 2087 746 eer-

255 787 370 835 tum
407 781 526 836 fieri
566 799 659 834 eos
696 799 814 834 esse
853 780 1057 853 primos
1115 788 1368 833 auctores
1420 780 1720 852 literarum,
1776 781 1890 835 siue
1944 783 2087 854 quod

204 874 233 919 5
264 872 533 946 simplicia
564 873 699 926 haec
737 880 790 925 et
828 871 1042 924 stabilia
1083 889 1202 925 esse
1240 871 1443 924 debent
1489 873 1639 941 quasi
1674 872 2087 926 fundamentum

252 963 424 1016 omnis
463 963 740 1017 doctrinae
778 962 1075 1027 immobile,
1114 963 1229 1015 siue
1270 962 1417 1031 quod
1453 979 1552 1015 nec
1591 962 1750 1015 aliter
1786 962 1932 1033 apud
1966 963 2083 1014 lati-

251 1071 352 1107 nos
387 1060 639 1124 poterant
664 1071 800 1122 esse,
831 1072 953 1106 cum
991 1073 1020 1106 a
1057 1053 1166 1106 suis
1200 1053 1428 1106 uocibus
1465 1053 1683 1106 uocales
1722 1054 2089 1122 nominentur,

255 1143 609 1196 semiuocales
658 1161 790 1196 uero
828 1142 886 1196 in
922 1161 980 1196 se
1033 1142 1298 1211 desinant,
1338 1150 1518 1195 mutae
1572 1163 1603 1195 a
1654 1160 1712 1196 se
1763 1142 2088 1214 incipientes

246 1233 428 1288 uocali
460 1233 838 1304 terminentur,
866 1252 995 1303 quas
1025 1233 1069 1286 si
1088 1235 1288 1296 flectaS,
1313 1233 1637 1305 significatio
1678 1251 1892 1304 quoque
1917 1233 2086 1286 nomi-

164 1326 223 1373 10
252 1344 383 1380 num
418 1342 528 1378 una
560 1325 861 1384 euanescit.

956 1436 985 1466 ³3<
1156 1471 1186 1502 ,ὲ
1356 1435 1386 1466 ³1<

147 1575 263 1626 104²
392 1567 632 1623 Litterae
672 1566 815 1639 apud
839 1538 1087 1621 'maiores
1122 1575 1338 1620 nostros
1377 1586 1489 1620 non
1523 1567 1743 1620 fuerunt
1764 1566 1966 1620 XXIII
1989 1567 2086 1620 sed

248 1658 407 1713 XVI.
446 1666 635 1730 postea
655 1658 869 1712 additae
891 1666 1016 1712 sunt
1034 1659 1187 1711 aliae.
1236 1657 1507 1710 ita‘etiam
1541 1659 1845 1712 tractatoris
1886 1666 1983 1726 est,
2022 1666 2081 1711 ut

247 1751 437 1804 doceat
478 1749 607 1803 olim
641 1749 785 1805 XVI
824 1752 1009 1818 fuisse,
1047 1758 1236 1822 postea
1277 1768 1345 1808 ex
1381 1750 1656 1822 superfluo
1698 1749 1907 1803 additas
1946 1750 2080 1804 alias

243 1840 454 1895 litteras
493 1847 547 1893 et
581 1840 750 1894 factas
790 1839 1013 1896 XXIII.
1097 1841 1357 1893 habemus
1400 1840 1506 1893 hoe
1563 1840 1619 1892 in
1668 1839 1821 1894 libris
1859 1839 1928 1893 ad
1967 1840 2067 1894 At-

426 1983 525 2027 104.
586 1981 751 2038 Pomp.
785 1996 949 2025 comm.
982 1983 1072 2024 art.
1107 1981 1228 2025 Don.
1261 1981 1285 2024 Ι
1316 1985 1341 2025 7
1375 1981 1642 2038 p.9Lind.:
1674 1981 1798 2024 Istae
1830 1980 2084 2025 litterae

247 2041 404 2098 apud
447 2077 454 2084 .
494 2076 501 2083 .
539 2075 546 2084 .
595 2042 939 2085 nominibus
982 2045 1296 2084 nocentur.
1358 2042 1380 2084 I
1415 2044 1467 2085 17
1509 2056 1555 2097 p.
1581 2044 1662 2084 27:
1713 2041 1912 2097 legimus
1960 2041 2085 2096 apud

247 2101 449 2146 maiores
494 2103 683 2144 nostros
726 2102 901 2157 primas
945 2101 1070 2157 apud
1115 2115 1332 2144 romanos
1371 2101 1436 2143 XI
1481 2100 1666 2143 litteras
1714 2099 1857 2144 fuisse
1899 2103 2085 2145 tantum

247 2161 403 2214 mo’do,
438 2162 492 2203 ut
524 2160 640 2204 dicit
672 2160 842 2205 Caesar
871 2159 994 2204 libro
1027 2161 1349 2218 analogiarum
1379 2161 1547 2216 primo.
1597 2159 1663 2216 [in
1694 2159 1816 2203 libro
1850 2159 2084 2217 analogia-

248 2234 354 2264 rum
387 2219 558 2264 Caesar
589 2220 678 2265 hoc
710 2220 843 2273 dixit,
876 2219 941 2262 XI
974 2219 1152 2278 fuisse].
1192 2220 1374 2264 Varro
1416 2220 1555 2263 docet
1593 2219 1642 2262 in
1670 2219 1772 2263 aliis
1802 2217 1935 2263 libris
1968 2234 2084 2276 quos

245 2279 307 2324 ad
335 2278 522 2323 Attium
552 2280 754 2337 scripsit,
802 2279 1005 2323 sedecim
1033 2280 1192 2333 fuisse,
1226 2282 1393 2336 postea
1427 2283 1586 2322 tamen
1616 2279 1823 2323 creuisse
1857 2281 1905 2323 et
1934 2278 2084 2322 factas

246 2353 348 2383 esse
376 2339 545 2383 XXIII.
624 2343 782 2383 tamen
821 2340 1000 2396 primae
1040 2354 1157 2395 quae
1198 2339 1421 2382 inuentae
1466 2340 1574 2382 sunt
1619 2338 1811 2382 fuerunt
1853 2338 2083 2382 undecim.

243 2401 410 2455 postea
441 2413 559 2455 quae
590 2398 810 2443 inuentae
842 2402 950 2442 sunt
981 2399 1174 2442 fuerunt
1214 2398 1429 2451 sedecim,
1455 2400 1626 2454 postea
1656 2399 1770 2441 item
1783 2397 1870 2441 XX
1902 2401 1950 2440 et
1979 2401 2078 2441 tres

242 2457 395 2503 factae
426 2461 550 2502 sunt.
581 2458 680 2502 illic
711 2455 1122 2510 commemoratur,
1163 2458 1242 2515 qui
1272 2458 1403 2501 illam
1433 2457 1644 2500 litteram
1677 2457 1802 2511 fecit,
1837 2457 1914 2513 qui
1937 2457 2081 2500 illam.

243 2517 391 2562 Prisc.
420 2517 443 2560 I
477 2521 529 2561 12
560 2532 604 2574 p.
634 2521 702 2570 11,
739 2522 787 2561 1:
836 2519 961 2574 apud
991 2518 1341 2574 antiquissimos
1375 2531 1654 2575 graecorum
1686 2533 1781 2562 non
1811 2517 1917 2573 plus
1951 2516 2082 2559 sede-

243 2577 336 2621 cim
365 2580 500 2621 erant
530 2577 733 2630 litterae,
780 2578 947 2633 quibus
989 2578 1047 2621 ab
1088 2577 1182 2621 illis
1219 2577 1423 2632 acceptis
1456 2576 1592 2620 latini
1624 2577 1958 2632 antiquitatem
1988 2590 2082 2619 ser-

244 2639 478 2690 uauerunt
508 2639 799 2692 perpetuam.
862 2637 984 2680 Max.
1021 2637 1136 2681 Vict.
1171 2652 1215 2692 p.
1239 2640 1325 2681 276
1354 2636 1487 2679 Lind.
1522 2652 1567 2693 p.
1590 2638 1704 2680 1944
1732 2636 1780 2679 P.
1821 2635 1896 2690 (cl.
1922 2634 2083 2679 Endli-

245 2694 375 2740 cheri
406 2695 524 2739 anal.
542 2711 736 2753 gramm.
768 2711 814 2752 p.
843 2698 966 2750 199):
998 2695 1160 2740 littera
1196 2699 1268 2739 est
1299 2696 1520 2753 figuratio
1554 2696 1794 2752 quaedam,
1845 2710 1934 2751 qua
1974 2709 2081 2738 cum

241 2753 346 2799 aliis
376 2754 557 2798 adnexa
593 2770 686 2799 uox
718 2757 885 2801 emissa
914 2755 1341 2812 comprehenditur.
1407 2755 1664 2798 Phoenices
1711 2755 1852 2811 primi
1893 2755 2076 2809 littera-

242 2828 348 2861 rum
377 2815 649 2858 inuentores
682 2815 828 2858 fuisse
860 2815 1128 2866 traduntur,
1177 2815 1388 2870 quamuis
1421 2814 1501 2858 alii
1537 2814 1755 2870 Assyrios
1791 2814 1871 2858 alii
1900 2814 2081 2858 Mercu-

244 2873 369 2917 rium
394 2873 520 2931 apud
549 2873 811 2932 Aegyptios
845 2878 1075 2918 asserunt.
1109 2874 1156 2917 in
1184 2875 1428 2918 Graeciam
1459 2877 1588 2918 certe
1625 2873 1848 2918 Cadmum
1880 2872 2081 2916 Phoeni-

242 2945 344 2977 cem
374 2932 580 2978 sedecim
609 2933 827 2977 attulisse
853 2937 1040 2978 constat
1070 2950 1098 2976 α
1131 2940 1159 2989 β
1189 2950 1220 2991 y
1251 2935 1282 2977 ὃ
1312 2949 1332 2977 ε
1362 2952 1377 2975 ι
1407 2950 1433 2976 κ
1466 2935 1489 2975 λ
1519 2951 1555 2992 μ
1592 2949 1619 2977 ν
1647 2935 1671 2982 ξ
1704 2950 1739 2976 π
1770 2951 1795 2991 ρ
1829 2946 1857 2976 σ
1887 2950 1911 2976 τ
1943 2950 1990 2986 ω,
2013 2932 2081 2975 eis

387 3062 410 3106 1
456 3059 590 3122 quod
630 3076 733 3107 esse
754 3086 824 3093 ——
856 3064 1080 3109 auctores
1119 3055 1393 3128 literarum]
1434 3079 1523 3111 om.
1539 3061 1757 3111 RADH
1771 3065 1824 3111 in
1846 3077 1942 3123 mg.
1964 3062 2078 3109 add.

241 3129 290 3186 d,
327 3130 381 3177 in
414 3129 645 3178 schedula
681 3131 868 3179 exhibet
901 3132 959 3179 K
977 3126 1001 3196 ΙΙ
1025 3137 1135 3181 ante
1173 3150 1278 3181 esse
1302 3134 1358 3182 O.
1384 3134 1517 3181 Ialm
1551 3133 1624 3179 ita
1658 3134 1778 3181 add..
1801 3127 1825 3191 ΙΙ
1849 3147 1953 3179 esse
1988 3146 2078 3178 om.

241 3198 276 3246 d
308 3191 333 3261 ss
376 3200 405 3246 2
444 3198 622 3246 docens
659 3223 723 3232 —-
771 3202 798 3247 3
835 3195 1114 3268 literarum]
1155 3219 1245 3252 om.
1290 3206 1325 3252 d
1361 3199 1383 3267 Η
1420 3203 1696 3250 caldeorum
1735 3202 1935 3258 GK114
1974 3192 2072 3265 eos]

240 3283 408 3315 eorum
427 3267 472 3318 Gr
495 3269 518 3324 ΙΙ
545 3269 573 3315 5
611 3270 847 3333 simplitia
879 3270 970 3318 hec
990 3271 1040 3320 A
1063 3275 1086 3330 Η
1113 3276 1161 3320 et
1198 3289 1287 3322 om.
1317 3275 1373 3323 K
1391 3274 1414 3329 ΙΙ
1442 3275 1469 3320 6
1510 3271 1808 3328 inmobile'D
1847 3269 2080 3330 fnmobile

1219 3339 1233 3369 t

241 3378 287 3428 G
308 3380 333 3436 ΙΙ
358 3380 388 3426 8
429 3379 644 3428 disinant
666 3380 710 3430 G
747 3381 988 3429 dissinant
1025 3383 1083 3430 K
1099 3379 1123 3444 Η
1147 3389 1312 3432 mutae
1348 3386 1396 3433 L
1422 3381 1445 3443 Π
1468 3384 1754 3445 incipientes
1792 3398 1820 3427 a
1856 3396 1907 3427 se
1923 3381 1971 3427 L
1995 3380 2019 3436 Η
2047 3381 2074 3425 9

242 3465 364 3512 quas
399 3449 442 3496 si
479 3450 514 3496 d
545 3452 686 3512 quasi
707 3449 809 3499 AD
833 3452 857 3505 ΙΙ
886 3454 950 3499 10
986 3456 1232 3501 euanescit
1267 3471 1364 3502 una
1401 3456 1459 3502 K
1491 3448 1515 3517 ΙΙ
1553 3455 1610 3500 11
1658 3450 1743 3498 Ad
1777 3451 1892 3497 haec
1925 3449 2076 3496 uerba

240 3517 293 3568 Β
329 3516 415 3580 (Cfi
451 3518 566 3567 adn·
606 3521 673 3568 ad
703 3520 871 3579 fru97‘,
916 3517 1005 3585 99)
1046 3538 1145 3571 non
1181 3526 1502 3574 conlatu-sest
1525 3518 1550 3588 Η
1586 3521 1671 3569 sed
1711 3519 1917 3567 sedecim
1957 3516 2004 3564 A
2035 3513 2070 3579 Η

193 3637 198 3642 .
245 3589 307 3637 12
354 3591 656 3637 tractaturus
693 3587 743 3638 A
766 3584 791 3654 ΙΙ
1400 3609 1403 3611 ·
