2314 4056
1170 342 1265 388 186

229 491 290 543 59
446 487 515 541 In
550 492 777 539 accentu
814 486 1040 539 materia
1077 487 1230 540 locus
1272 495 1326 539 et
1371 495 1562 540 natura
1594 487 1882 558 prosodiae
1916 486 2120 549 breuis-

305 576 438 628 sime
476 577 883 649 conpraehensa
922 585 1060 631 sunt.
1097 596 1220 630 nam
1257 577 1483 638 materia
1519 592 1638 630 esse
1675 577 1976 638 ostenditur
2012 597 2124 633 vox

308 673 362 718 et
398 684 460 718 ea
496 667 730 736 quidem,
770 685 875 737 qua
920 669 1090 721 uerba
1127 675 1352 740 possunt
1387 685 1599 736 sonare,
1637 666 1694 719 id
1733 674 1813 719 est
1851 666 2123 738 scriptilis.

303 757 458 810 locus
495 764 675 810 autem
717 758 942 828 syllaba,
982 759 1235 829 quoniam
1271 759 1404 811 haec
1442 758 1663 830 proprie
1694 756 1849 809 uerbi
1872 774 1994 827 pars
2027 764 2125 824 est,

307 864 444 918 quae
481 848 675 920 recipit
713 855 1008 901 accentum.
1080 856 1271 901 natura
1319 867 1450 901 uero
1498 847 1783 918 prosodiae
1830 846 1889 899 in
1925 863 1990 899 eo
2024 848 2169 915 est,5

306 937 450 1006 quod
487 946 577 991 aut
615 958 828 992 sursum
866 947 948 991 est
974 946 1065 991 aut
1090 938 1368 1007 deorsum3
1405 958 1528 992 nam
1565 939 1622 990 in
1662 937 1812 991 uocis
1846 936 2128 990 altitudine

306 1028 523 1081 omnino
563 1036 836 1101 spectatur
870 1028 1005 1082 adeo
1041 1037 1116 1098 ut,
1162 1030 1207 1083 si
1252 1047 1436 1082 omnes
1472 1029 1718 1101 syllabae
1755 1027 1873 1101 pari
1905 1025 2126 1096 fastigio
2214 1022 2217 1024 ’

305 1119 454 1172 uocis
490 1118 860 1188 enuntientur,
890 1119 1146 1191 prosodia
1179 1119 1245 1172 sit
1275 1119 1438 1172 nulla.

233 1282 290 1332 60
452 1268 601 1337 Quot
638 1267 745 1320 sint
780 1268 1066 1339 prosodiae
1106 1267 1396 1320 dicendum
1434 1274 1531 1322 est.

308 1435 435 1480 aliud
468 1435 668 1480 scribitis
690 1438 737 1479 et
758 1435 883 1478 aliud
899 1435 1053 1492 legitis
1074 1451 1208 1492 quam
1233 1436 1456 1493 scriptum
1474 1439 1557 1480 est.
1588 1435 1686 1480 Vel.
1703 1435 1848 1491 Long.
1864 1432 2126 1491 p.2238P.:

307 1497 364 1540 de
406 1495 688 1551 aspiratione
729 1527 738 1536 .
772 1527 781 1536 .
818 1529 827 1538 .
873 1495 1050 1551 aliquid
1095 1496 1187 1539 iam
1229 1496 1372 1540 locuti
1417 1510 1584 1550 sumus,
1629 1494 1934 1551 repetendum
1972 1496 2130 1536 tamen

309 1554 571 1599 existimaui
603 1568 860 1597 sermonem
891 1558 1084 1611 propter
1114 1569 1192 1599 eos
1226 1555 1304 1611 qui
1334 1556 1563 1610 hymnum,
1606 1555 1720 1597 item
1753 1552 2070 1609 hyacinthum'-
2081 1555 2129 1594 et

307 1614 610 1669 hymenaeum
639 1612 767 1656 uarie
799 1613 1098 1670 scripserunt.
1170 1615 1248 1657 alii
1291 1615 1412 1658 enim
1448 1613 1825 1670 praeponendam
1855 1608 2128 1668 adspiratio-

308 1687 414 1716 nem
444 1675 742 1728 putauerunt,
770 1672 848 1716 alii
881 1678 1115 1728 tamquam
1146 1687 1239 1717 non
1270 1674 1577 1717 necessariam
1607 1673 1874 1726 omiserunt,
1914 1670 2129 1726 quoniam

305 1731 484 1775 scilicet
513 1731 562 1774 in
592 1731 824 1775 communi
853 1732 1011 1788 lingua
1044 1747 1314 1789 graecorum
1344 1747 1596 1787 numquam
1635 1745 1730 1774 non
1769 1727 2130 1787 adspirationem

311 1791 358 1834 in
390 1805 438 1833 se
468 1789 610 1833 habet
643 1795 687 1833 Y
722 1791 883 1834 littera
914 1791 1125 1846 quotiens
1156 1791 1343 1835 inchoat
1371 1805 1524 1834 uoces.
1589 1805 1695 1834 nam
1735 1789 1860 1845 quod
1895 1789 1954 1832 ad
1986 1787 2130 1831 latina

304 1849 523 1906 pertinet,
554 1849 603 1892 in
634 1849 799 1904 quibus
829 1851 922 1893 tale
954 1850 1065 1905 quid
1095 1851 1281 1904 (Vsencr
1313 1868 1392 1909 pro
1418 1851 1510 1894 late
1541 1849 1731 1906 aliquid)
1763 1847 2028 1904 ambigitur,
2051 1861 2126 1889 an·

304 1908 436 1964 tiqua
458 1908 743 1952 consuetudo
776 1909 1064 1964 respicienda
1093 1913 1176 1965 est,
1219 1909 1383 1965 quibus
1426 1909 1566 1953 moris
1606 1908 1695 1952 fuit
1735 1921 1825 1964 pro¹
1861 1907 1946 1950 hae
1977 1904 2138 1961 adspi-'

307 1967 488 2011 ratione
521 1967 728 2011 litteram
748 1967 901 2011 dicere
918 1967 968 2011 F.
1030 1968 1187 2024 itaque
1221 1968 1440 2023 harenam
1475 1967 1638 2011 iustius
1670 1967 1770 2023 quis
1801 1965 1986 2019 dixerit,
2021 1977 2130 2020 quo-

305 2027 429 2071 niam
475 2027 599 2083 apud
628 2027 841 2082 antiquos
872 2026 1029 2070 fasena
1059 2030 1172 2081 erat,
1220 2030 1268 2070 et
1307 2027 1531 2070 hordeum
1574 2027 1682 2082 quia
1721 2025 1944 2080 fordeum,
1985 2026 2034 2066 et
2073 2022 2130 2065 si-

304 2090 384 2130 cut
430 2101 569 2143 supra
610 2085 810 2129 diximus
850 2086 1002 2129 hircos
1048 2086 1261 2142 quoniam
1302 2085 1404 2130 firci
1449 2089 1595 2141 erant,
1643 2088 1692 2128 et
1734 2084 1870 2127 hoedi
1913 2081 2132 2138 quoniam

304 2146 441 2190 foedi.
502 2145 604 2190 Ter.
646 2144 801 2189 Scaur.
834 2160 878 2201 p.
907 2144 1023 2188 2249
1051 2145 1124 2188 P.:
1167 2160 1252 2201 per
1284 2145 1620 2189 detractionem
1657 2142 1870 2200 (uitiatur
1900 2140 2133 2185 scribendi

303 2205 444 2260 ratio)
483 2220 588 2249 cum
619 2205 759 2248 aedus
791 2204 887 2247 sine
919 2204 1235 2261 adspiratione
1279 2204 1513 2260 scribitur,
1562 2217 1666 2248 cum
1708 2201 1880 2258 alioqui
1925 2215 2029 2244 cum
2079 2212 2133 2242 ea

307 2264 488 2318 debeat,
532 2264 747 2320 quoniam
796 2263 919 2320 apud
962 2264 1177 2319 antiquos
1219 2263 1379 2307 faedus
1425 2263 1484 2306 sit
1519 2263 1670 2307 dictus
1702 2265 1749 2305 et
1778 2260 1859 2304 ubi
1888 2259 1959 2303 illi
1989 2258 2027 2302 F
2056 2258 2130 2301 lit-

305 2328 454 2367 teram
493 2327 760 2379 posuerunt,
797 2337 882 2366 nos
912 2323 1116 2366 litteram
1150 2324 1322 2373 (autem
1352 2324 1404 2377 P)
1446 2322 1490 2364 H
1525 2321 1859 2374 substituimus,
1908 2322 1963 2362 ut
2011 2317 2134 2373 quod

302 2383 370 2426 illi
413 2383 626 2426 fordeum
675 2383 891 2426 dicebant
935 2396 1019 2425 nos
1052 2382 1299 2436 hordeum,
1339 2381 1552 2424 fariolum
1593 2395 1730 2438 quem
1771 2393 1855 2423 nos
1891 2376 2132 2431 hariolum,

311 2441 524 2485 similiter
564 2442 748 2486 faedum
796 2456 930 2498 quem
969 2455 1051 2485 nos
1099 2440 1298 2486 haedum
1343 2441 1549 2484 dicimus.
1608 2455 1652 2497 p.
1673 2438 1810 2483 2252:
1856 2451 1942 2481 nec
1984 2434 2134 2478 minus

311 2506 616 2546 consonantes
673 2502 815 2559 (inter
861 2515 909 2544 se
955 2500 1128 2543 mutuis
1177 2501 1356 2544 uicibus
1402 2500 1453 2543 in
1505 2498 1813 2544 declinatione
1861 2496 2133 2552 funguntur)

307 2563 361 2604 ut
391 2559 430 2603 F
461 2565 509 2604 et
541 2562 598 2616 H,
643 2566 840 2617 utraque
884 2560 1006 2604 enim
1046 2564 1099 2602 ut
1153 2559 1288 2603 flatus
1330 2562 1414 2602 est.
1484 2573 1624 2615 quare
1669 2571 1803 2614 quem
1850 2553 2029 2610 antiqui
2057 2552 2133 2596 fir-

311 2634 414 2664 cum
446 2634 531 2663 nos
563 2620 757 2676 hircum,
805 2624 851 2663 et
883 2634 1019 2676 quam
1051 2619 1224 2663 Falisci
1252 2619 1419 2662 habam
1447 2632 1530 2662 nos
1560 2618 1713 2661 fabam
1744 2613 2041 2672 appellamuS,
2086 2614 2132 2655 et

309 2693 447 2736 quem
475 2679 652 2735 antiqui
684 2679 900 2723 fariolum
930 2693 1014 2722 nos
1045 2678 1288 2722 hariolum.
1351 2682 1408 2734 cf.
1437 2693 1480 2734 p.
1500 2677 1631 2721 2258.
1663 2676 1788 2719 Fest.
1821 2673 1952 2717 Pauli
1980 2686 2025 2728 p.
2043 2670 2131 2737 433

311 2737 441 2782 Chilo
473 2738 642 2782 dicitur
671 2742 978 2795 cognomento
1009 2751 1036 2779 a
1065 2737 1382 2794 magnitudine
1409 2737 1660 2780 labrorum.
1716 2734 1812 2778 Cilo
1850 2732 1947 2776 sine
1980 2730 2131 2795 adspl·

307 2798 501 2851 ratione,
543 2798 617 2840 cui
645 2798 773 2841 frons
806 2802 878 2840 est
910 2795 1185 2841 eminentior
1214 2811 1268 2840 ac
1302 2796 1467 2839 dextra
1498 2795 1773 2848 sinistraque
1806 2790 1953 2834 ueluti
1984 2801 2133 2833 recisa

309 2855 509 2900 uidetur.
573 2856 704 2900 Char.
736 2871 781 2912 p.
801 2856 900 2911 102,
938 2856 986 2899 1:
1032 2855 1212 2898 Cilones
1245 2855 1476 2907 dicuntur,
1518 2867 1712 2908 quorum
1743 2850 1895 2906 ea'pita
1929 2847 2132 2909 oblonga

309 2918 356 2958 et
386 2929 635 2971 conpressa
669 2919 797 2971 suntg
831 2915 1036 2959 chilones
1068 2917 1221 2956 autem
1255 2928 1359 2957 cum
1391 2911 1705 2967 adspiratione
1737 2924 1794 2953 ex
1813 2921 1983 2965 graeco
2013 2919 2040 2949 a
2067 2905 2131 2948 la-

309 2972 406 3017 bris
436 2974 797 3031 inprobioribus,
848 2987 962 3030 quae
996 2973 1067 3016 illi
1094 2976 1265 3016 uocant
1295 2974 1439 3030 χείλη,
1485 2970 1605 3014 unde
1646 2972 1693 3013 et
1733 2969 1883 3026 pisces
1927 2966 2132 3012 chilones

306 3032 548 3089 inprobius
580 3033 763 3077 labrati.

396 3174 437 3217 11
473 3112 545 3158 59.
607 3113 736 3158 Seru.
773 3113 830 3157 de
860 3111 1085 3157 accentib.
1112 3110 1141 3155 7
1170 3126 1214 3168 p.
1231 3111 1318 3156 526
1353 3110 1513 3154 Endl.:
1545 3109 1606 3152 In
1637 3110 1887 3154 accentu
1920 3140 1930 3151 .
1964 3140 1974 3149 .
2009 3139 2019 3150 .
2051 3103 2133 3148 sit

312 3188 387 3217 nu
449 3187 487 3216 a.

476 3253 546 3298 60.
608 3253 739 3298 Seru.
770 3252 827 3296 de
859 3251 1086 3296 accentib.
1110 3249 1167 3294 17
1197 3266 1238 3307 p.
1261 3249 1350 3294 530
1379 3248 1543 3292 Endl.:
1577 3247 1731 3304 Quot
1760 3260 1871 3303 ergo
1904 3245 2027 3289 sint
2061 3276 2100 3287 ..
2119 3276 2131 3287 .

454 3386 477 3429 1
529 3381 588 3429 de
619 3382 722 3430 cod.
758 3381 862 3429 uid.
901 3380 1064 3428 adnot.
1099 3383 1166 3429 ad
1203 3382 1272 3440 fr.
1308 3382 1372 3430 55
1406 3382 1586 3427 natura
1634 3379 1708 3422 est
1749 3373 1980 3437 prosodie
2015 3373 2066 3421 L
2094 3369 2130 3433 Η

313 3482 341 3527 3
382 3472 501 3546 qua]
538 3494 664 3542 quae
701 3480 752 3528 L
791 3481 798 3537 Ι
807 3481 815 3537 Ι
855 3479 887 3524 4
930 3477 1128 3540 probrie
1162 3477 1212 3526 L
1234 3472 1259 3543 Η
1295 3479 1323 3524 7
1359 3469 1500 3526 om'n'o
1538 3474 1586 3523 L
1623 3469 1650 3540 Η
1679 3471 1880 3534 fastigia
1915 3484 2042 3522 corr.
2079 3471 2134 3518 in

307 3548 506 3611 fastigio
535 3548 584 3597 L
607 3545 632 3608 11
659 3550 687 3597 9
725 3543 857 3612 quod
889 3546 938 3595 L
959 3539 985 3611 ΙΙ
