2222 4056
1115 313 1213 362 130

247 462 508 528 Ῥωμαῖος
563 450 796 525 Βάρρων
849 460 902 511 ἒν
938 457 1125 526 βιβλίῳ
1179 460 1395 526 πέμπτῳ
1448 452 1571 522 περὶ
1603 455 1903 524 Ῥωμαικῆς
1948 459 2068 509 διοι-

247 553 445 616 λέκτου,
499 550 554 600 ἐν
598 541 641 620 ᾧ
675 549 1029 615 διαρθροῦται
1066 547 1192 598 ποία
1225 547 1321 612 μέν
1358 564 1435 606 τις
1470 547 1605 607 λέξις
1644 547 1783 598 ἐστὶν
1823 548 2069 616 Αἶολική,

248 641 373 692 πυιά
429 641 483 691 δὲ
523 638 773 707 Γαλλική,
827 638 918 689 καί
956 634 1034 689 ὅτι
1082 632 1235 704 ἑτέρα
1283 636 1379 702 μὲν
1433 634 1465 702 ἦ
1507 637 1776 706 Θούσκων,
1835 634 1966 703 ἄλλη
2013 638 2070 689 δὲ

241 728 575 796 Ἐτρούσκων,
628 721 700 779 ὧν
736 729 1112 795 συγχυθεισαῖν
1151 723 1182 791 ἡ
1217 726 1308 776 νῦν
1343 726 1610 790 κρατοῦσα
1651 728 1753 776 τῶν
1791 723 2072 791 Ῥωμαίων

252 816 576 885 ἀπετελέσθη
617 818 783 886 φωνή.
856 837 992 870 unus
1033 817 1259 886 quisque
1296 816 1448 869 uidet
1477 817 1616 869 hanc
1653 835 1787 886 rem,
1838 817 2071 889 uestigia

251 910 367 962 dico
392 911 616 962 aliarum
637 909 948 978 linguarum
974 907 1032 960 in
1069 906 1238 959 latino
1263 923 1514 959 sermone
1538 906 1863 979 indaganda,
1904 926 2066 980 quam

250 1000 483 1052 maxime
527 999 594 1052 ad
630 999 730 1052 hos
765 999 932 1051 libros
971 1006 1151 1068 aptam
1190 1015 1326 1049 esse.
1386 997 1440 1049 in
1478 1015 1582 1066 qua
1617 1015 1679 1050 re
1717 997 1916 1055 nullius
1955 1015 2066 1051 mo·

247 1092 415 1145 menti
455 1099 553 1161 est,
590 1092 733 1163 quod
755 1091 944 1162 Lydus
982 1091 1196 1144 titulum
1224 1110 1336 1144 non
1359 1091 1657 1144 accuratius
1693 1091 1911 1159 indicat5
1946 1103 2069 1144 cum

246 1182 362 1255 ipse
404 1183 503 1236 hos
562 1183 728 1235 libros
792 1182 1208 1254 haudquaquam
1244 1182 1456 1252 legerit
1506 1189 1560 1234 et
1609 1181 1823 1235 insolita
1879 1178 2070 1253 neg-le⁶

249 1273 435 1342 gentia
474 1272 786 1345 stupiditate
824 1274 1060 1327 uanitate
1097 1274 1373 1345 praeditus
1411 1273 1650 1343 fuerit¹).
1707 1264 1927 1344 grauius
1964 1275 2071 1326 fcr-

246 1372 387 1418 tasse
422 1372 504 1417 est
535 1365 680 1434 quod
714 1365 931 1436 quintus
953 1365 1094 1418 liber
1131 1365 1187 1418 in
1226 1383 1360 1436 opus
1396 1373 1644 1418 nostrum
1679 1377 1792 1418 non
1827 1365 2072 1434 quadrat,

248 1455 344 1508 sed
379 1473 489 1507 non
528 1455 712 1509 dubito
757 1456 886 1524 quin
923 1457 980 1509 in
1028 1457 1127 1509 hac
1164 1473 1377 1527 quoque
1422 1474 1483 1508 re
1516 1452 1706 1525 Lydus
1742 1455 2070 1526 peccauerit.

251 1545 487 1618 quinque
545 1546 688 1598 enim
742 1545 909 1599 libros
946 1547 1038 1598 uel
1074 1547 1277 1616 plures,
1335 1553 1395 1598 ut
1430 1547 1597 1600 libros
1650 1545 1717 1598 de
1756 1545 2072 1616 antiquitate

249 1635 556 1688 litterarum
596 1636 821 1704 mittam,
874 1648 984 1689 non
1022 1635 1125 1688 nisi
1165 1651 1331 1707 opera
1368 1636 1435 1689 de
1482 1635 1671 1707 lingua
1704 1635 1872 1689 latina
1909 1641 1967 1688 et
2002 1636 2073 1689 de

254 1744 502 1779 sermone
522 1726 688 1779 latino
719 1727 1214 1798 conplectebantur.
1250 1726 1319 1778 ad
1356 1744 1478 1780 eum
1505 1727 1704 1781 librum
1737 1726 1808 1780 de
1825 1719 2075 1780 sermone

249 1817 417 1870 latino
455 1817 605 1884 haec,
642 1817 687 1869 si
722 1816 841 1870 ueri
878 1816 1073 1869 similia
1111 1817 1403 1888 sequimur,
1439 1825 1684 1888 spectare
1720 1817 1871 1870 nullo
1911 1817 2074 1871 modo

250 1919 489 1983 possunt.
510 1910 577 1963 ad
594 1911 837 1983 quintum
855 1912 923 1964 de
935 1912 1125 1982 lingua
1140 1911 1305 1964 latina
1319 1911 1488 1964 relata
1502 1917 1626 1963 sunt
1637 1910 1702 1962 ab
1716 1911 1761 1965 I.
1777 1911 1848 1964 D.
1861 1910 2073 1978 FussiO,

252 2003 425 2072 primo
464 2003 730 2055 librorum
761 2002 1136 2070 Lydianorum
1187 2001 1392 2054 editore
1432 2001 1523 2070 (de
1559 2000 1805 2070 magistr.
1842 2016 1895 2072 p.
1926 2000 2071 2068 118),

252 2093 333 2145 cui
372 2093 727 2146 adsenserunt
762 2092 823 2145 L.
848 2091 1097 2163 Spengel
1129 2091 1212 2145 ed.
1231 2091 1392 2144 Varr.
1430 2111 1481 2164 p.
1503 2091 1551 2144 5.
1576 2092 1670 2143 121
1706 2097 1758 2144 et
1779 2091 1844 2144 R.
1859 2087 2076 2144 Merkel

249 2185 419 2256 praef.
464 2183 627 2238 Ouid.
677 2185 796 2238 fast.
846 2204 899 2256 p.
929 2183 1076 2238 CVI.
1128 2182 1408 2253 generalia
1458 2190 1656 2250 autem,
1715 2198 1851 2251 quae
1887 2180 2077 2251 Lydus

251 2275 478 2345 profert,
534 2273 754 2326 minime
802 2273 928 2326 huic
972 2272 1113 2325 libro
1157 2271 1564 2325 accommodata
1609 2285 1743 2338 esse,
1797 2270 2079 2343 perspexit

254 2364 321 2419 O.
343 2364 579 2417 Mueller
613 2364 680 2416 ad
721 2364 789 2416 de
826 2364 862 2416 1.
882 2363 991 2418 LV
1015 2363 1130 2416 116.
1169 2363 1336 2415 nihilo
1377 2361 1550 2433 magis
1589 2362 1647 2415 in
1686 2362 1790 2415 hoc
1822 2361 1964 2415 libro
2005 2362 2080 2415 le-

251 2474 373 2508 cum
409 2455 574 2507 habet
620 2473 731 2508 uox
777 2453 1105 2519 καρταμέρα,
1164 2470 1322 2525 quam
1358 2453 1412 2504 V
1443 2453 1543 2505 116
1579 2452 1753 2524 p.121
1807 2451 2077 2506 excidisse

253 2547 527 2617 putabant.
597 2546 857 2615 leguntur
909 2545 984 2598 ibi
1039 2545 1096 2597 in
1133 2545 1320 2598 codice
1360 2544 1678 2599 Florentino
1716 2544 1872 2597 haec:
1925 2549 2083 2597 lorica

251 2644 379 2703 qaod
417 2659 440 2692 e
473 2644 591 2691 loris
630 2643 688 2691 de
725 2644 854 2691 corio
893 2643 1044 2691 crudo
1078 2643 1348 2703 pectoralia
1369 2642 1629 2702 faciebant.
1665 2643 1836 2719 postea
1873 2641 2086 2690 subcidit

247 2734 372 2793 yalli
406 2748 429 2781 e
463 2734 600 2792 ferro
637 2735 725 2782 sub
762 2734 818 2781 id
850 2734 1139 2782 uocabulum
1177 2747 1235 2783 em
1273 2735 1435 2783 anulis
1465 2732 1680 2793 ferream
1715 2734 1939 2790 tunicam,
1972 2721 2079 2778 ubi

252 2817 368 2870 siue
406 2833 527 2870 cum
553 2818 619 2872 O.
643 2818 910 2871 Muellero
949 2838 1008 2871 ex
1039 2824 1202 2872 anulis
1222 2824 1388 2882 ferrea
1415 2826 1580 2873 tunica
1616 2817 1732 2870 siue
1769 2832 1890 2869 cum
1908 2815 2080 2870 Lach—

254 2926 450 2961 manno
493 2908 583 2976 (ad
622 2907 784 2960 Lucr.
810 2907 893 2960 VI
925 2908 1029 2960 954
1067 2926 1119 2979 p.
1137 2908 1264 2977 404)
1312 2929 1370 2962 ex
1419 2915 1584 2962 arculis
1623 2913 1729 2972 fere
1777 2915 1877 2962 iam
1917 2913 2083 2961 tunica

425 3055 466 3111 1)
498 3055 567 3098 De
597 3054 716 3111 Lydi
755 3054 911 3099 indole
958 3053 1050 3098 fide
1092 3054 1276 3111 linguae
1311 3054 1485 3098 latinae
1516 3053 1686 3110 peritia
1721 3051 1894 3111 optime
1922 3050 2078 3119 ,ᾶᾷξρῇ-

254 3135 375 3178 tauit
405 3135 440 3178 I.
457 3134 508 3179 F.
528 3135 739 3180 Schultze
770 3135 800 3179 l.
827 3150 861 3178 s.
894 3150 937 3191 p.
963 3134 990 3178 6
1008 3149 1073 3190 sq.
1107 3134 1163 3178 cf.
1197 3136 1442 3190 praeterea
1470 3133 1523 3176 E.
1557 3131 1759 3176 Dirksen
1790 3118 2079 3175 vermssschr.

253 3214 275 3256 Ι
305 3230 350 3270 p.
370 3213 426 3258 62
446 3211 510 3270 sq.
565 3214 927 3259 C.Wachsmuth
954 3214 1130 3271 proleg.
1163 3213 1281 3270 Lydi
1312 3210 1368 3257 de
1402 3211 1597 3256 ostentis
1629 3227 1673 3269 p.
1693 3194 2080 3255 XV111.XXXV1.

256 3287 355 3350 ipse
401 3294 458 3338 de
500 3308 548 3338 se
579 3292 820 3337 uerissime
862 3292 1085 3336 iudicauit
1125 3292 1182 3336 de
1215 3291 1424 3349 magistr.
1455 3290 1477 3334 I
1505 3289 1584 3334 23:
1626 3291 1701 3333 καὶ
1740 3280 1886 3334 πολλὰ
1925 3276 1985 3333 v1321}
2017 3303 2081 3336 τις

253 3373 434 3416 τοιαῦτα
467 3368 655 3431 συνάγοι
685 3369 798 3416 κατὰ
833 3369 1015 3430 σχολήν,
1049 3373 1087 3414 εἰ
1117 3369 1256 3430 τυχὸν
1287 3365 1435 3425 αὐτόν,
1468 3366 1548 3413 οὐκ
1567 3369 1731 3428 ἔχοντα
1763 3363 1789 3412 ὅ
1811 3381 1852 3411 τι,
1876 3363 2078 3426 πράττοι,

254 3448 514 3512 ἆφρόντιδα
548 3456 800 3512 οἰι,ι,ιβοει’νειΔ
822 3451 1040 3507 διαβιοῦν,
1075 3453 1150 3494 καὶ
1179 3444 1393 3499 τοιούτοις
1427 3447 1605 3496 ὁποίοις
1645 3442 1750 3506 ἐγώ,
1794 3451 1958 3505 καίπερ
1990 3457 2078 3504 μν-

254 3537 370 3591 ρίαις
401 3535 817 3592 συμπεπλεγμένος
847 3535 1101 3591 φροντίσιν,
1135 3530 1403 3589 ἕναγρυπνῶ
1431 3533 1741 3589 μωραίνων
1770 3522 2065 3586 ἀθύρμασινμ
