2280 4088
1017 341 1115 389 137

146 493 353 558 deatur,
391 498 444 542 et
478 498 656 542 certos
694 495 939 540 auctores
976 493 1250 556 tamquam
1277 484 1442 536 duces
1476 483 1531 534 in
1570 482 1844 552 plerisque
1882 479 1983 531 sibi

146 581 451 655 sumpserit,
492 598 600 633 non
640 580 711 631 ita
749 578 864 630 ueri
903 584 984 630 est
1022 574 1215 629 simile.
1290 574 1458 626 nihilo
1513 573 1687 625 minus
1732 572 1788 625 in
1842 571 1982 643 prio-

146 674 292 728 ribus
349 672 499 725 libris
552 672 749 723 formas
809 667 1310 738 declinationesque
1375 671 1640 736 quatenus
1695 662 1983 733 analogiae

147 772 238 817 aut
272 762 643 835 respondeant
680 769 770 814 aut
813 765 1124 831 repugnent
1166 755 1560 822 considerasse,
1615 754 1673 806 in
1728 753 1810 805 his
1858 771 1981 805 con-

146 854 365 908 trariam
398 852 542 905 uiam
578 857 894 924 persecutus
925 867 1043 902 esse
1082 847 1318 916 uidetur,
1360 846 1403 899 si
1442 845 1623 897 titulos
1658 851 1983 916 spectamus.

146 944 202 998 in
221 948 454 1014 utroque
482 943 649 1013 igitur
689 959 855 1014 opere
893 958 1053 992 unam
1095 957 1281 991 earum
1323 936 1717 1007 quaestionum,
1757 954 1888 1006 quas
1930 933 1986 986 in

146 1033 299 1086 libris
324 1033 393 1086 de
418 1032 607 1102 lingua
638 1031 804 1083 latina
839 1028 1172 1100 generaliter
1211 1027 1477 1099 exposuit,
1521 1023 1823 1078 accuratius
1849 1030 1984 1075 trac-

146 1124 298 1192 tauit,
337 1141 442 1193 qua
481 1139 550 1174 ex
585 1139 645 1174 re
690 1121 876 1191 quanti
914 1119 1170 1173 momenti
1211 1126 1264 1171 et
1302 1117 1539 1170 Varroni
1575 1123 1629 1169 et
1665 1115 1982 1187 aequalibus

147 1213 264 1267 eius
301 1213 403 1266 hae
441 1230 531 1265 res
569 1211 774 1265 fuerint
810 1211 1166 1281 intellegitur.

315 1302 582 1374 Superest
616 1309 677 1354 ut
709 1321 818 1354 uno
856 1303 1026 1354 uerbo
1064 1308 1281 1370 tangam
1338 1318 1638 1372 perpaucas
1691 1298 1987 1368 relliquiaS‚

148 1414 375 1466 quarum
432 1394 618 1447 sedem
673 1393 938 1465 indagare
987 1412 1097 1446 non
1150 1392 1392 1463 contigit.
1469 1390 1767 1444 ablatiuum
1807 1389 1988 1442 Varro

147 1493 286 1539 teste
321 1484 593 1538 Diomede
631 1483 720 1554 (fr.
758 1484 880 1553 111)
921 1503 1104 1537 casum
1157 1492 1372 1537 sextum
1412 1483 1503 1536 uel
1541 1482 1769 1535 latinum
1807 1480 1988 1551 adpel-

147 1576 296 1631 lauit.
335 1577 703 1630 curculionem
743 1595 844 1648 pro
890 1576 1224 1647 gurgulione
1269 1594 1370 1646 per
1409 1573 1736 1637 ἀντίστοιχον
1774 1572 1866 1625 uel
1900 1591 1987 1625 an-

145 1668 372 1723 tithesin
407 1670 501 1740 (cf.
526 1668 691 1724 Char.
731 1689 783 1742 p.
806 1669 928 1738 279,
952 1670 1031 1723 16.
1069 1669 1252 1722 Diom.
1278 1687 1330 1739 p.
1352 1668 1474 1737 442,
1498 1667 1590 1735 28)
1625 1667 1828 1720 dictum
1869 1683 1988 1719 esse

136 1756 240 1829 ²(fr.
269 1760 394 1830 112)
433 1760 618 1814 uoluit.

314 1955 433 2008 Hac
474 1962 600 2008 sunt
635 1955 920 2027 relliquiae
963 1976 1092 2027 quas
1136 1955 1490 2028 probabiliter
1527 1955 1683 2008 libris
1719 1973 1986 2024 gramma-

148 2042 468 2100 'ticistribui
508 2064 669 2117 posse
707 2047 957 2100 arbitror.
997 2066 1157 2101 nemo
1197 2047 1343 2100 enim
1380 2047 1468 2099 hic
1496 2047 1624 2098 talia
1661 2045 1989 2118 expectabit,

154 2137 333 2217 qualia
372 2136 587 2191 Gellius
641 2138 807 2191 habet
863 2139 1004 2208 (IIII
1044 2139 1124 2207 16,
1161 2139 1206 2192 1.
1264 2140 1331 2191 cf.
1369 2139 1515 2193 Don.
1554 2139 1610 2190 in
1647 2138 1770 2191 Ter.
1809 2138 1987 2190 heaut.

154 2229 279 2295 113,
298 2227 392 2298 46)
415 2228 724 2306 Varronem
774 2230 1063 2300 genetiuos
1098 2236 1314 2283 senatuis
1339 2236 1535 2292 fluctuis
1567 2235 1757 2283 domnis
1796 2227 1992 2281 similia

151 2319 243 2372 uel
279 2318 358 2389 (V
384 2319 467 2386 21,
498 2319 554 2388 6)
611 2321 812 2373 formas
847 2327 1020 2386 pluria
1066 2327 1118 2373 et
1155 2327 1416 2386 conpluria
1463 2320 1740 2390 probasse.
1818 2319 1993 2372 sciens

153 2409 315 2462 etiam
361 2416 423 2462 ut
473 2409 672 2463 Isidori
719 2411 792 2463 ita
848 2430 1033 2465 omnes
1071 2411 1298 2482 neglexi
1334 2412 1572 2480 reliquas
1612 2410 1992 2481 etymologiaS,

153 2518 284 2572 quas
331 2500 437 2553 huc
489 2501 766 2571 pertinere
821 2521 932 2554 non
983 2509 1131 2555 certo
1184 2503 1479 2570 constabat,
1535 2500 1712 2570 qualia
1759 2507 1885 2552 sunt
1935 2508 1993 2552 ut

152 2584 338 2664 paucis
380 2592 645 2664 exemplis
698 2592 992 2664 defungar:
1039 2600 1217 2647 ualuae
1253 2602 1379 2656 sunt,
1423 2613 1545 2660 quae
1580 2598 1906 2646 reuoluuntur
1947 2601 1993 2645 et

151 2701 203 2737 se
240 2689 411 2737 uetant
449 2682 632 2749 (Seru.
669 2682 726 2735 in
764 2684 905 2736 Aen.
942 2684 971 2735 I
1004 2683 1156 2753 449),
1212 2704 1414 2738 amoena
1464 2690 1606 2750 quasi
1661 2691 1859 2736 amunia
1906 2689 1994 2736 hoe

152 2781 222 2828 est
253 2781 358 2828 sine
387 2779 556 2839 fructu
591 2773 774 2844 (Sem.
798 2775 938 2827 Aen.
959 2774 1043 2826 VI
1063 2774 1182 2828 638.
1221 2776 1289 2827 cf.
1326 2775 1464 2827 thes.
1501 2794 1627 2827 nou.
1663 2775 1754 2826 lat.
1791 2773 1848 2827 in
1880 2774 1989 2828 Mai

151 2862 310 2917 class.
365 2871 504 2917 auct.
541 2865 684 2918 VIII
738 2885 791 2937 p.
829 2866 884 2930 5)
929 2871 1062 2930 freni
1108 2886 1139 2919 a
1185 2872 1416 2930 frendere
1461 2872 1580 2919 dieti
1622 2863 1806 2934 (Seru.
1851 2865 1991 2917 Aen.

152 2952 303 3008 VIII
333 2954 478 3026 230),
514 2962 668 3011 hilum
714 2962 872 3011 Varro
912 2964 983 3011 ait
1017 2964 1298 3024 siqnisioare
1334 2963 1598 3012 medullam
1651 2965 1754 3012 eius
1805 2962 1995 3021 ferulae

155 3058 299 3111 quam·
327 3054 495 3113 yraeei
530 3045 827 3115 ἀσφόδελον
862 3057 1053 3112 uocant,
1104 3057 1150 3102 et
1200 3057 1273 3103 sie
1321 3056 1419 3104 diei
1454 3055 1591 3115 apud
1642 3068 1731 3102 nos
1766 3054 1989 3111 nihilum,

155 3143 385 3201 quomodo
421 3144 560 3203 apud
595 3159 795 3206 qraeeos
833 3135 955 3188 οὐδὲ
999 3139 1100 3206 γρῦ
1146 3140 1300 3206 (Isid.
1342 3140 1479 3211 orig.
1517 3138 1572 3191 X
1614 3139 1660 3208 1,
1699 3140 1783 3192 85.
1821 3138 1991 3191 XVII

153 3224 332 3299 9,·95).
370 3227 594 3301 prorsus
620 3240 904 3303 praeterea
930 3233 1229 3305 contempsi
1255 3232 1563 3285 testimonia
1589 3230 1786 3283 ficticia
1817 3238 1870 3282 et
1905 3238 1996 3282 aut

154 3310 507 3392 neglegentia
546 3331 638 3376 aut
674 3331 898 3395 stupore
936 3323 1246 3396 deprauata,
1289 3342 1519 3396 quorum
1559 3321 1823 3392 quaedam
1863 3338 1994 3390 pro-

156 3411 345 3466 tulisse
383 3415 636 3487 exempla
669 3415 797 3468 satis
832 3415 915 3469 sit.
954 3422 1015 3467 ut
1050 3415 1147 3467 uix
1186 3415 1438 3468 crederes
1482 3413 1626 3484 apud
1658 3412 1900 3466 Nonium
1940 3431 1991 3463 n.

158 3501 401 3572 protinus
439 3524 492 3577 p.
514 3505 616 3558 376
654 3506 790 3559 haec
817 3512 897 3559 uel
924 3513 1174 3571 protinam
1212 3513 1290 3559 uel
1322 3514 1551 3572 protinus
1586 3509 1993 3557 continuationem

157 3596 238 3644 uel
262 3602 565 3658 praeteritae
600 3603 679 3650 uel
716 3603 916 3660 futurae
965 3602 1282 3663 lonyitudinis
1340 3595 1528 3648 eadem
1566 3612 1684 3647 esse
1733 3611 1794 3645 ac
1840 3600 1994 3657 proti-
