2358 4016
1235 313 1298 359 62

350 456 620 509 lectitasse
657 456 800 508 infra
838 473 1053 525 quoque
1092 456 1413 509 uidebimus,
1490 462 1569 509 tot
1597 457 2087 525 antiquissimorum
2126 465 2179 513 et

351 567 601 617 magnam
642 554 851 619 partem
887 547 1293 600 reconditorum
1331 546 1658 617 scriptorum
1694 547 1862 600 libros
1901 549 2172 603 consuluit

349 638 437 690 uel
495 638 686 691 saltem
749 637 1040 691 sententias
1087 638 1322 706 rettulit,
1391 645 1451 690 ut
1517 637 1718 708 optime
1781 638 1910 691 hinc
1969 647 2169 711 quanto

351 729 527 782 studio
573 737 626 781 et
683 728 827 798 quali
874 728 1174 781 eruditione
1227 729 1325 781 hos
1383 728 1551 781 libros
1601 728 1949 799 conposuerit
2007 730 2176 784 conli-

351 838 558 888 gamus.

515 908 660 962 Num
692 926 823 962 uero
865 907 956 978 qui
991 907 1130 960 hanc
1155 906 1430 960 doctrinae
1447 907 1817 962 Varronianae
1848 908 2170 980 particulam

348 999 503 1054 nobis
543 998 784 1052 seruauit
816 998 933 1070 ipse
984 1015 1053 1051 ex
1102 997 1248 1050 illius
1285 996 1439 1049 libris
1478 1015 1599 1050 eam
1637 997 1974 1071 decerpserit
2008 999 2170 1058 ualde

350 1089 572 1143 dubium
590 1088 822 1142 uidetur.
862 1087 1068 1140 homini
1107 1086 1251 1141 enim
1288 1094 1465 1140 tantae
1502 1088 1903 1159 neglegentiae,
1943 1097 2174 1160 quantae

349 1180 595 1251 opusculi
645 1178 816 1233 nostri
871 1179 1261 1251 conpilatorem
1311 1195 1428 1230 esse
1487 1179 1860 1249 cognouimUS,
1899 1179 2061 1232 talem
2095 1179 2172 1233 in-

349 1271 615 1324 dustriam
661 1269 759 1323 uix
816 1269 1116 1323 tribuerim.
1185 1286 1378 1321 uerum
1428 1268 1606 1340 potius
1656 1286 1725 1321 ex
1763 1270 1866 1322 alio
1907 1269 2172 1341 scriptore

347 1379 523 1431 neque
561 1361 780 1414 indocto
815 1360 1050 1427 homine,
1089 1360 1317 1413 fortasse
1354 1362 1470 1431 ipso
1507 1361 1699 1416 Seruio
1728 1361 2173 1432 Vergilianorum

349 1452 649 1506 carminum
704 1459 1109 1506 conmentatore
1125 1451 1183 1520 4),
1251 1451 1341 1520 qui
1375 1452 1518 1504 hunc
1563 1452 1815 1522 antiquae
1854 1451 2173 1506 eruditionis

347 1562 585 1616 pannum
622 1562 745 1596 cum
777 1543 945 1615 ipsius
985 1550 1292 1613 temporum
1331 1542 1579 1595 doctrina
1616 1543 1847 1612 consuit,
1889 1543 2023 1603 haec
2075 1544 2172 1597 flu·

347 1635 494 1688 xisse
532 1634 796 1688 existimo,
836 1632 981 1704 quod
1018 1633 1181 1685 etiam
1212 1632 1440 1685 suadere
1468 1632 1720 1686 uidentur
1744 1651 1878 1705 quae
1900 1634 1967 1686 de
1993 1642 2176 1688 aucto-

348 1744 469 1779 rum
508 1726 844 1796 quorundam
882 1726 992 1779 uita
1044 1734 1102 1779 ut
1141 1727 1396 1797 Dionysii
1444 1729 1672 1782 Thracis
1711 1737 1764 1782 et
1803 1729 2170 1800 Tyrannionis

348 1817 444 1887 (cf.
482 1818 626 1872 Plut.
660 1817 873 1870 Lucull.
912 1817 1002 1886 20)
1051 1817 1140 1870 hic
1176 1818 1451 1889 leguntur,
1501 1819 1569 1872 de
1621 1838 1725 1890 qua
1763 1821 1944 1875 Varro
1991 1828 2170 1875 tacere

345 1909 437 1961 uel
473 1908 791 1962 breuissime
828 1907 1112 1978 ingenium
1149 1909 1428 1981 scriptoris
1464 1910 1777 1982 praedicare
1832 1912 1984 1965 solet.
2045 1911 2172 1966 talia

346 2007 523 2053 autem
563 2001 809 2072 opusculi
857 2001 1247 2073 conpilatorem
1297 2002 1467 2054 multo
1519 2002 1834 2072 posterioris
1885 2010 1945 2056 ut
1996 2022 2170 2075 genus

345 2091 619 2145 scribendi
654 2091 839 2163 prodit
872 2091 1134 2164 temporis
1171 2091 1351 2144 uirum
1389 2110 1490 2145 nec
1533 2093 1751 2147 nouisse
1800 2112 1901 2147 nec
1953 2094 2171 2168 conqui-

349 2182 538 2236 siuisse
577 2182 825 2235 arbitror.

517 2273 916 2341 Quaerentibus
967 2273 1037 2325 in
1089 2291 1214 2343 quo
1260 2273 1433 2327 libro
1483 2275 1713 2346 operis
1750 2273 1831 2328 de
1869 2292 2170 2330 sermone

347 2363 566 2417 latino
604 2363 739 2416 haec
775 2363 1066 2434 disputatio
1108 2363 1284 2434 posita
1324 2363 1490 2417 fuerit
1539 2363 1772 2434 quodam
1813 2364 1977 2419 modo
2023 2365 2172 2418 adiu-

348 2461 529 2507 mento
570 2453 722 2507 nobis
760 2462 840 2506 est
875 2473 1014 2507 unus
1053 2453 1290 2507 Acronis
1328 2472 1489 2523 quem
1527 2453 1711 2507 dicunt
1752 2455 1843 2524 (cf.
1867 2454 1938 2509 H.
1957 2454 2174 2509 Vsener

343 2544 457 2599 ind.
494 2545 621 2599 lect.
660 2551 790 2597 aest.
828 2543 995 2598 Bern.
1037 2542 1172 2596 1863
1207 2543 1396 2616 p.VII)
1437 2545 1587 2598 locus
1625 2544 1716 2614 qui
1754 2545 1822 2598 ad
1855 2544 2053 2600 Horati
2089 2564 2171 2599 ar-

345 2643 455 2688 tem
492 2643 636 2708 poet.
655 2635 757 2688 202
795 2636 873 2688 sic
909 2635 1304 2688 scribit‘Varro
1345 2635 1418 2687 ait
1455 2636 1512 2688 in
1546 2635 1634 2689 III
1669 2635 2076 2707 disciplinarum
2118 2643 2173 2690 et

347 2725 773 2779 ad-Marcellum
814 2726 881 2778 de
921 2726 1110 2797 lingua
1147 2726 1309 2778 latina
1348 2734 1598 2798 quattuor
1638 2726 1965 2780 foraminum
2001 2726 2168 2781 fuisse

345 2817 503 2870 tibias
539 2817 684 2888 apud
705 2816 989 2886 antiquo&
1029 2825 1082 2869 et
1117 2834 1176 2870 se
1213 2817 1389 2887 ipsum
1427 2817 1500 2868 ait
1530 2816 1587 2870 in
1617 2817 1819 2890 templo
1840 2817 2164 2888 (Apollinis)

346 2907 599 2978 Marsyae
647 2906 851 2960 uidisse
890 2907 1047 2959 tibias
1075 2915 1327 2978 quattuor
1366 2907 1723 2960 foraminum’.
1763 2909 1852 2976 (fr.
1877 2907 1997 2976 60¹³)
2035 2908 2170 2961 haec

344 2999 546 3072 optime
583 2998 915 3051 conueniunt
953 3017 1076 3051 cum
1115 2999 1191 3052 eis
1231 3016 1366 3069 quae
1405 2998 1549 3070 apud
1571 2998 1827 3054 Seruium
1872 2999 1939 3052 de
1979 2999 2171 3052 diaste-

344 3090 501 3143 matis
536 3090 592 3145 in
630 3089 847 3143 citharis
883 3089 1137 3161 tibiisque
1176 3098 1230 3142 et
1268 3088 1324 3141 in
1354 3089 1587 3142 humana
1613 3107 1749 3143 uoce
1768 3089 2021 3160 legimus,
2058 3107 2162 3160 quo

510 3315 554 3370 1)
590 3315 645 3359 In
677 3329 730 3359 eo
762 3313 1079 3359 conmentario
1125 3313 1248 3357 haud
1279 3327 1428 3369 pauca
1461 3316 1726 3368 occurrunt,
1781 3325 1895 3368 quae
1942 3311 1986 3356 ei
2027 3311 2170 3368 parti-

349 3396 481 3441 culae
512 3410 650 3452 quam
679 3398 839 3438 nostro
873 3394 1093 3450 opusculo
1124 3392 1406 3449 peculiarem
1423 3407 1527 3437 esse
1553 3392 1752 3436 diximus
1779 3391 1945 3436 similia
1965 3393 2036 3446 (ut
2055 3391 2168 3436 Aen.

342 3477 364 3520 I
384 3477 483 3521 100.
515 3477 558 3520 II
580 3475 676 3520 778.
708 3474 892 3520 111569.
925 3473 1136 3518 1111268.
1169 3473 1209 3518 V
1231 3472 1317 3516 613
1352 3474 1445 3529 aL),
1487 3473 1535 3516 in
1565 3472 1653 3517 hoc
1689 3485 1798 3516 uero
1831 3471 1989 3516 omnia
2019 3485 2172 3517 exem-

345 3558 421 3616 pla
454 3573 477 3602 e
510 3557 714 3616 Vergilio
747 3558 930 3614 sumpta
964 3558 1085 3598 sunt.
