2280 4088
1053 319 1149 369 173

187 467 384 521 litteris
435 467 817 540 conprehendi
866 475 1061 541 potest.
1136 468 1363 520 confusa
1415 469 1503 521 est'
1553 465 1887 520 inrationalis
1935 467 2027 520 uel

187 557 526 631 inscriptilis,
581 559 816 631 simplici
868 558 1018 613 uocis
1070 577 1203 612 sono
1259 559 1575 612 animalium
1625 558 1837 628 effecta,
1889 575 2026 630 quae

184 648 345 703 scribi
378 668 489 703 non
519 659 720 722 potest,
758 661 818 705 ut
854 658 938 705 est
975 650 1099 721 equi
1138 649 1397 717 hinnitus,
1434 649 1575 703 tauri
1613 649 1871 720 mugitus,

96 807 160 858 43
328 802 626 857 Lacrumae
666 824 736 858 an
771 804 1045 874 lacrimae,
1092 823 1376 857 maxumus
1428 824 1498 858 an
1549 802 1831 872 maximus,
1884 810 1938 856 et
1982 803 2026 856 si

122 895 151 940 5
184 911 288 963 qua
324 893 522 945 similia
560 902 702 963 sunt,
739 914 841 965 quo
883 895 1045 948 modo
1081 894 1243 949 scribi
1285 894 1536 963 debeant,
1582 894 1884 967 quaesitum
1930 903 2025 949 est.

184 982 473 1037 Terentius
493 983 669 1037 Varro
704 985 868 1038 tradit
907 985 1197 1040 Caesarem
1230 1003 1330 1057 per
1365 985 1395 1038 I
1432 985 1698 1038 eiusmodi
1734 987 1902 1039 uerba
1946 1005 2027 1039 so-

181 1073 339 1128 litum
369 1091 488 1127 esse
516 1075 798 1128 enuntiare
827 1084 881 1129 et
919 1077 1183 1130 scribere:
1222 1076 1348 1129 inde
1387 1084 1613 1150 propter
1649 1076 2025 1131 auctoritatem

181 1163 286 1221 uiri
323 1157 767 1219 consuetudinem
808 1168 1020 1220 factam.

183 1318 341 1376 graeci
372 1318 555 1363 ἔννοιαν
587 1318 763 1372 dicunt,
809 1318 898 1363 hoc
931 1321 1003 1362 est
1045 1319 1103 1362 ab
1143 1318 1480 1362 accidentibus.
1540 1319 1712 1364 accidit
1754 1320 1878 1364 enim
1923 1321 2029 1366 uoci

183 1378 382 1434 auditus,
425 1382 646 1434 quantum
674 1378 721 1421 in
749 1378 852 1434 ipsa
886 1384 969 1422 est.
1031 1377 1161 1421 uocis
1207 1382 1362 1422 autem
1403 1377 1694 1423 differentiae
1741 1384 1850 1424 sunt
1898 1385 2028 1437 quat-

182 1441 317 1482 tuor:
348 1437 595 1483 articulata.
626 1438 925 1481 inarticulata
956 1437 1166 1481 litterata
1197 1438 1441 1481 illitterata-
1507 1439 1756 1482 articulata
1789 1443 1873 1495 est,
1910 1455 2027 1496 quae

182 1500 394 1550 coartata
423 1497 513 1542 hoc
544 1501 616 1541 est
645 1498 860 1554 copulata
895 1512 1000 1541 cum
1031 1497 1187 1552 aliquo
1221 1512 1358 1540 sensu
1388 1499 1557 1541 mentis
1591 1498 1687 1542 eius
1720 1499 1800 1554 qui
1818 1499 2026 1556 loquitur

183 1556 436 1614 profertur,
469 1557 771 1602 inarticulata
802 1561 873 1601 est
905 1557 1141 1601 contraria
1173 1571 1288 1612 quae
1313 1571 1339 1600 a
1359 1558 1487 1601 nullo
1509 1556 1678 1602 affectu
1713 1557 2029 1615 proficiscitur

187 1616 370 1660 mentis.
432 1617 644 1661 litterata
672 1622 756 1671 est,
802 1631 918 1672 quae
955 1616 1099 1660 scribi
1129 1620 1301 1673 potest,
1336 1617 1582 1661 illitterata
1611 1632 1727 1673 quae
1759 1617 1901 1662 scribi
1933 1633 2027 1663 non

187 1679 358 1733 potest.
418 1681 476 1732 cf.
507 1676 717 1720 Donat.I
751 1676 790 1731 1,
825 1677 848 1719 1
882 1692 926 1732 p.
945 1675 1060 1720 1735
1076 1676 1127 1719 P.
1179 1676 1316 1720 Prob.
1351 1677 1460 1720 inst.
1496 1681 1581 1720 art.
1615 1692 1659 1734 p.
1677 1676 1750 1732 47,
1770 1677 1808 1720 1.
1866 1677 2026 1735 Pomp.

189 1750 354 1781 comm.
385 1738 472 1781 art.
505 1736 620 1780 Don.
646 1736 668 1779 I
700 1736 727 1779 7
757 1751 797 1792 p.
821 1736 877 1780 10
897 1736 1031 1780 Lind.
1076 1735 1243 1779 Audax
1277 1736 1325 1778 in
1358 1736 1454 1780 Mai
1484 1737 1616 1780 class.
1651 1742 1769 1780 auct.
1785 1737 1828 1780 II
1860 1753 1905 1794 p.
1923 1738 2025 1782 589.

351 1795 424 1840 43.
489 1795 755 1839 Cassiodori
786 1794 1003 1838 Annaeus
1037 1794 1170 1838 Corn.
1207 1811 1251 1852 p.
1273 1795 1392 1839 2284
1410 1797 1459 1840 P.
1485 1811 1529 1852 p.
1558 1796 1676 1840 576A
1713 1796 1888 1840 Garet.:
1931 1797 2026 1841 La·

187 1869 423 1900 orumae
455 1869 526 1898 an
667 1854 1170 1899 consuetudinem
1204 1856 1436 1899 factam.
1486 1856 1568 1899 sed
1599 1870 1685 1913 ego
1712 1856 1761 1899 in
1793 1856 2025 1912 antiquio-

188 1928 293 1960 rum
324 1914 458 1959 libris
489 1915 638 1959 multo
670 1928 806 1971 quam
840 1914 980 1958 Gaius
1016 1914 1181 1958 Caesar
1215 1918 1287 1958 est
1316 1929 1402 1971 per
1424 1916 1465 1959 V
1496 1916 1718 1972 pleraque
1748 1916 1925 1972 scripta
1956 1916 2023 1960 in-

185 1973 340 2028 1101110,
378 1977 595 2032 optumus
627 1975 832 2018 intumus
865 1973 1219 2031 pulcherrumus
1262 1974 1421 2018 lubido
1462 1975 1716 2019 dicundum
1757 1975 2026 2019 faciundum

184 2047 398 2078 maxume
445 2038 796 2078 monumentum
840 2033 1123 2077 contumelia
1162 2034 1378 2077 minume.
1439 2036 1607 2079 melius
1656 2039 1813 2079 tamen
1861 2040 1932 2079 est
1978 2039 2026 2080 et

185 2093 247 2137 ad
277 2094 613 2138 enuntiandum
642 2097 690 2137 et
724 2093 784 2136 ad
819 2093 1116 2137 scribendum
1146 2093 1167 2136 I
1208 2093 1414 2137 litteram
1442 2109 1527 2150 pro
1547 2095 1588 2138 V
1612 2109 1805 2151 ponere,
1832 2095 1881 2138 in
1902 2095 2026 2150 quod

185 2152 278 2203 iam
311 2153 598 2197 consuetudo
631 2153 890 2196 inclinauit.
943 2152 1052 2196 Isid.
1089 2153 1204 2209 orig.
1239 2153 1260 2195 I
1289 2153 1362 2207 26,
1402 2153 1482 2198 15:
1515 2154 1742 2198 Maximus
1775 2169 1834 2198 an
1867 2169 2024 2198 maxu-

185 2227 287 2257 mus
319 2215 368 2256 et
400 2213 437 2256 si
484 2227 576 2269 qua
613 2216 722 2256 sunt
765 2212 933 2256 similia
977 2212 1175 2268 qualiter
1206 2212 1453 2256 scribenda
1488 2217 1595 2257 sunt
1636 2215 1897 2270 quaesitum
1939 2218 2022 2258 est.

186 2271 382 2316 Varro
413 2273 608 2316 tradidit
640 2272 880 2316 Caesarem
915 2285 999 2328 per
1034 2271 1056 2314 I
1099 2272 1326 2315 eiusmodi
1366 2273 1510 2316 uerba
1552 2274 1796 2317 enuntiare
1835 2274 2025 2317 solitum

188 2345 287 2380 esse
320 2334 369 2375 et
401 2333 616 2376 scribere.
689 2331 798 2374 inde
841 2347 927 2388 per
973 2332 1301 2375 auctoritatem
1343 2333 1463 2376 tanti
1504 2333 1596 2376 uiri
1637 2333 2023 2377 consuetudinem

184 2390 373 2446 factam,
419 2394 473 2436 ut
514 2391 740 2435 maximus
784 2391 986 2448 optimus
1029 2391 1258 2448 pessimus
1300 2391 1546 2436 scribatur.
1622 2392 1778 2447 Quint.
1811 2393 1832 2436 Ι
1865 2393 1907 2439 7,
1945 2393 2022 2436 21:

185 2450 328 2495 etiam
358 2451 560 2508 optimus
591 2450 832 2506 maximus,
867 2455 919 2494 ut
951 2451 1151 2494 mediam
1182 2451 1204 2494 I
1235 2451 1456 2506 litteram,
1475 2466 1591 2508 quae
1613 2453 1850 2496 ueteribus
1870 2453 1910 2496 V
1930 2453 2025 2496 fue-

185 2514 261 2558 rat
290 2510 571 2568 acciperent,
605 2511 651 2555 C.
670 2511 870 2567 primum
888 2510 1095 2554 Caesaris
1127 2510 1430 2567 inscriptione
1460 2512 1663 2555 traditur
1699 2511 1888 2555 factum.
1920 2512 2023 2556 Vel.

185 2569 335 2627 Long.
369 2570 626 2627 2222st
667 2570 868 2626 antiquis
899 2570 1029 2614 uarie
1071 2570 1210 2613 etiam
1251 2570 1567 2626 scriptitatum
1614 2576 1684 2614 est
1725 2571 2023 2628 mancupium

188 2629 437 2687 aucupium
466 2629 723 2674 manubiae.
788 2629 1015 2685 siquidem
1049 2629 1096 2673 C.
1134 2630 1303 2673 Caesar
1334 2645 1418 2686 per
1444 2631 1465 2673 I
1501 2630 1702 2687 scripsit,
1744 2636 1797 2674 ut
1826 2635 2022 2687 apparet

187 2703 245 2741 ex
271 2690 421 2736 titulis
452 2690 612 2746 ipsius,
651 2694 700 2733 at
719 2689 958 2746 Augustus
998 2689 1036 2746 [I
1069 2689 1170 2746 per]
1208 2689 1261 2743 V,
1295 2693 1348 2732 ut
1379 2693 1523 2733 testes
1555 2693 1663 2733 sunt
1697 2691 1795 2734 eius
1826 2690 2020 2746 inscrip-

183 2747 348 2794 tiones.
411 2753 459 2794 et
487 2749 568 2806 qui
601 2763 685 2805 per
717 2749 738 2792 I
775 2749 1000 2802 scribunt,
1032 2749 1161 2792 illam
1200 2749 1430 2793 rationem
1461 2753 1695 2805 secuntur,
1742 2750 1867 2806 quod
1907 2751 2023 2793 aliae

186 2822 367 2864 quoque
399 2808 798 2855 denominationes
829 2823 915 2865 per
945 2809 1139 2852 eandem
1170 2808 1376 2852 litteram
1400 2813 1580 2864 exeant,
1599 2813 1652 2852 ut
1685 2825 1791 2854 cum
1820 2810 2022 2853 manicas

182 2869 464 2919 maniculum
494 2869 678 2935 (quibus
713 2883 881 2912 nomen
911 2869 1085 2925 apponi
1116 2871 1286 2924 potest,
1320 2869 1444 2925 quod
1476 2883 1562 2925 per
1593 2869 1633 2913 V
1662 2869 1918 2925 manuleus)
1952 2869 2019 2913 di-

185 2926 345 2973 cimus.
387 2928 502 2972 item
533 2928 614 2984 qui
644 2928 892 2985 aucupium
924 2943 1010 2984 per
1027 2928 1067 2973 V
1084 2927 1308 2982 scribunt,
1341 2933 1510 2985 putant
1543 2929 1601 2972 ab
1634 2943 1719 2972 aue
1752 2929 2023 2986 occupanda

186 2985 376 3046 dictum,
409 2988 489 3056 qui
519 2987 754 3044 aucipium
786 2991 882 3045 (aut
913 2987 1022 3044 quia
1052 2987 1300 3042 aucupium
1333 2989 1402 3043 P.)
1436 2989 1493 3031 ab
1529 3002 1614 3032 aue
1647 2988 1887 3045 capienda,
1918 3003 2024 3032 cum

183 3045 226 3090 A
255 3046 442 3092 litterae
471 3048 521 3091 in
553 3047 575 3090 I
603 3047 842 3091 familiaris
872 3048 1098 3091 transitus
1135 3048 1210 3091 sit.
1271 3047 1436 3103 quibus
1471 3061 1614 3115 aeque
1646 3048 1828 3115 opponi
1847 3052 2021 3105 potest,

183 3118 280 3150 non
307 3107 458 3153 minus
492 3107 543 3151 in
572 3106 595 3150 Ι
620 3107 822 3151 transire
854 3121 993 3163 quam
1023 3107 1071 3150 in
1102 3107 1156 3162 V,
1194 3121 1301 3151 nam
1338 3108 1395 3151 ab
1428 3107 1577 3151 amico
1618 3107 1672 3151 fit
1701 3107 1932 3162 inimicUS‚
1974 3112 2022 3151 et

185 3178 215 3208 a.
236 3165 362 3217 salso
393 3166 608 3211 insulsus,
672 3167 884 3223 sequitur
914 3167 1060 3224 igitur
1093 3167 1279 3223 electi0,
1309 3170 1527 3211 utrumne
1559 3181 1644 3223 per
1674 3167 1918 3223 antiquum
1950 3182 2020 3210 so-

214 3311 230 3373 s
290 3377 294 3387 ,
350 3329 380 3376 2
419 3328 724 3392 inscriptulis
761 3329 812 3377 B
850 3324 875 3389 ΙΙ
910 3331 937 3377 3
977 3330 1256 3379 Cassiodori
1295 3330 1481 3379 codices
1518 3330 1654 3378 Keili
1686 3332 1830 3377 sunt:
1865 3328 1914 3377 A
1948 3344 2021 3371 =

191 3392 294 3453 ood-
336 3397 493 3454 Rern.
530 3402 634 3448 330
679 3414 803 3448 saec.
817 3400 867 3448 X
915 3400 1067 3447 13-
999 3416 1068 3424 -
1107 3401 1212 3449 cod.
1254 3402 1403 3449 Paris
1437 3401 1570 3448 7495
1610 3398 1748 3458 (olim
1784 3400 1931 3457 5509,
1966 3401 2020 3458 1)

188 3486 403 3538 ‘Claudii
438 3491 664 3541 Puteani’
702 3491 899 3540 membr.
924 3492 971 3538 4.
1009 3504 1134 3538 saec.
1158 3490 1315 3538 XIII
1333 3492 1356 3548 ΙΙ
1382 3492 1413 3536 4
1448 3491 1489 3536 si
1528 3482 1694 3552 quaA
1739 3490 1782 3538 si
1814 3508 1846 3552 q
1886 3491 1938 3539 B
1982 3484 2015 3559 Η

189 3559 217 3606 5
253 3558 433 3608 debent
467 3560 569 3609 AB
592 3561 615 3618 ΙΙ
642 3563 670 3608 7
710 3561 1056 3608 auctoritatem
1090 3561 1217 3608 tanti
1253 3561 1350 3608 uiri
1385 3558 1646 3609 Putschius
1667 3562 1692 3621 ΙΙ
