2274 4082
1019 322 1117 371 169

153 489 256 524 nos
290 468 619 523 disiunctum
657 469 903 523 dicimus.
965 469 1032 522 -id
1069 469 1444 523 huiuscemodi
1487 469 1743 523 estz.‘aut
1779 469 1978 523 malum

152 568 234 615 est
271 561 523 633 uoluptas
572 568 664 614 aut
699 562 903 615 bonum
953 569 1045 614 aut
1095 560 1297 631 neque
1325 561 1526 613 malum
1566 579 1746 630 neque
1782 562 1984 614 bonum

151 651 266 706 oet’,
317 653 496 706 omnia
515 660 697 706 autem
730 670 865 723 quae
902 652 1303 723 disiunguntur,
1339 653 1644 723 pugnantia
1682 670 1805 706 esse
1842 652 1986 706 inter

153 761 275 798 sese
311 750 541 816 oportet,
594 761 891 816 eorumque
923 744 1188 815 opposita,
1237 761 1375 813 quae
1421 740 1755 809 ἀντικείμενα
1797 740 1983 814 graeci

22 855 40 860 ⁸
102 840 130 884 5
153 833 357 902 dicunt,
395 853 458 888 ea
495 852 710 906 quoque
749 833 867 906 ipsa
902 834 1047 886 inter
1079 852 1136 887 se
1173 833 1404 887 aduersa
1443 852 1578 887 esse.
1622 852 1691 887 cx
1714 834 1983 902 omnibuS,

96 929 97 933 ’
149 936 290 997 quae
328 924 714 995 disiunguntur
754 943 923 978 unum
964 942 1083 978 esse
1120 942 1308 977 uerum
1353 924 1530 988 debet,
1592 924 1730 978 falsa
1784 931 1979 978 cetera.

149 1015 341 1087 quodsi
383 1023 475 1069 aut
509 1015 647 1069 nihil
685 1015 926 1068 omnium
964 1034 1159 1068 uerum
1204 1022 1296 1068 aut
1335 1016 1515 1069 omnia
1554 1016 1780 1087 pluraue
1820 1035 1981 1086 quam
2023 1061 2025 1064 Α

148 1125 317 1160 unum
366 1124 505 1160 uera
531 1114 689 1159 erunt
727 1114 818 1159 aut
857 1124 993 1176 quae
1034 1106 1301 1160 disiuncta
1343 1113 1467 1159 sunt
1512 1126 1621 1160 non
1659 1108 1984 1178 pugnabunt

145 1204 239 1250 aut
290 1215 425 1270 quae
483 1197 732 1270 opposita
785 1215 974 1250 eorum
1024 1205 1165 1267 sunt,
1222 1198 1493 1251 contraria
1538 1198 1680 1251 inter
1715 1216 1835 1251 sese
1873 1217 1983 1251 non

71 1296 127 1342 10
149 1295 325 1359 erunt,
384 1294 499 1342 tum
550 1287 610 1341 id
659 1287 987 1342 disiunctum
1046 1287 1391 1341 mendacium
1447 1296 1528 1341 est
1581 1296 1636 1341 et
1676 1289 1984 1362 appellatur

148 1377 670 1446 παραὸιεζευγμὲνον
700 1378 857 1432 sicuti
896 1379 999 1432 hoc
1037 1386 1135 1447 est,
1172 1379 1229 1432 in
1258 1398 1363 1449 quo
1407 1397 1542 1449 quae
1583 1380 1835 1451 opposita
1872 1398 1982 1432 non

143 1475 269 1523 sunt
289 1469 586 1524 contraria:
625 1470 735 1523 ‘aut
758 1470 930 1523 curris
968 1477 1058 1523 aut
1094 1471 1337 1524 ambulas
1374 1478 1464 1523 aut
1504 1471 1647 1526 stas'.
1700 1490 1827 1524 nam
1866 1470 1982 1542 ipsa

147 1559 367 1632 quidem
402 1560 547 1614 inter
584 1579 702 1614 sese
739 1562 971 1614 aduersa
1019 1569 1143 1614 sunt
1191 1561 1288 1614 sed
1342 1563 1590 1634 opposita
1641 1580 1830 1615 eorum
1870 1580 1981 1615 non

146 1658 410 1723 pugnant,
452 1670 562 1705 non
600 1653 875 1706 ambulare
917 1652 1060 1705 enim
1097 1661 1150 1705 et
1191 1672 1300 1706 non
1337 1661 1482 1707 stare
1525 1661 1578 1707 et
1619 1672 1727 1706 non
1757 1671 1979 1706 currere

55 1752 130 1800 ,15
150 1742 422 1801 contr-aria
462 1744 605 1799 inter
643 1762 763 1798 sese
802 1764 914 1798 non
949 1752 1089 1812 sunt,
1130 1745 1384 1816 quoniam
1409 1745 1678 1798 contraria
1701 1763 1762 1797 ea
1793 1744 1979 1797 dicun-

149 1839 252 1902 ¹tur,
292 1853 431 1906 quae
470 1835 631 1892 simul
670 1854 802 1889 uera
839 1855 955 1889 esse
993 1855 1102 1889 non
1143 1844 1366 1908 queunt.
1435 1836 1608 1910 possis
1644 1836 1788 1890 enim
1827 1835 1989 1889 simul

142 1925 444 1998 eodemque
503 1934 749 1998 tempore
807 1946 986 1998 neque
1042 1928 1323 1981 ambulare
1384 1946 1562 1998 neque
1618 1936 1760 1980 stare
1806 1944 1985 1996 neque

144 2036 389 2073 currere..

85 2176 143 2227 37
314 2185 452 2241 Cum
487 2186 731 2240 indidem
760 2187 1075 2243 haurierint.

853 2340 882 2370 ἵε
1252 2340 1283 2370 ³12

1054 2379 1083 2410 >ie

140 2533 370 2590 pellatur,
413 2533 678 2578 absolutam
720 2535 1001 2578 sententiam
1047 2534 1470 2591 comprehendenS,
1519 2533 1619 2577 sola
1665 2548 1722 2576 ex
1769 2534 1985 2577 omnibus

141 2592 335 2636 ueritati
365 2596 446 2636 aut
475 2592 675 2637 falsitati
706 2595 921 2647 obnoxia,
966 2610 1105 2650 quam
1135 2598 1276 2638 uocat
1311 2595 1502 2652 Sergius
1535 2593 1749 2645 effatum,
1792 2593 1986 2637 Varro

139 2651 454 2709 proloquium,
487 2653 647 2697 Cicero
680 2655 987 2707 enuntiatum,
1020 2655 1179 2711 graeci
1212 2650 1452 2713 πρότασιν,
1485 2656 1588 2696 tum
1618 2650 1810 2711 ἀξίωμα.

311 2733 383 2776 37.
414 2732 562 2777 Prisc.
581 2733 695 2778 X5o
725 2750 770 2791 p.
791 2737 890 2787 540,
912 2738 960 2779 3:
995 2735 1171 2779 Haurio
1204 2735 1352 2787 hausi,
1386 2733 1627 2777 inuenitur
1658 2735 1817 2777 tamen
1843 2732 1985 2776 etiam

141 2788 439 2896 Iliglneissigsstuel
469 2792 636 2837 haurii.
696 2793 847 2839 Varro
879 2794 929 2838 in
958 2794 1135 2839 XXIIII
1165 2795 1225 2840 ad
1257 2795 1556 2839 Ciceronem:
1605 2807 1732 2837 cum
1765 2826 1775 2836 .
1811 2827 1820 2837 .
1853 2793 1984 2836 hau-

313 3042 336 3086 1
377 3004 658 3091 huiusiieiodi
708 3041 792 3099 Vll
820 3044 848 3088 2
886 3058 1045 3105 neque
1080 3042 1262 3091 bonum
1293 3062 1451 3108 neque
1486 3044 1667 3091 malum
1705 3042 1755 3089 L
1778 3043 1804 3100 11
1839 3043 1866 3089 3
1910 3036 1983 3088 di-

139 3109 412 3176 iunguntur
459 3112 546 3171 Vll
572 3116 602 3160 4
642 3113 872 3175 opposita
907 3130 1001 3176 que
1048 3115 1133 3172 Vll
1161 3118 1188 3162 6
1226 3115 1551 3177 diiunguntur
1594 3114 1681 3170 Vll
1721 3113 1748 3158 7
1790 3115 1876 3159 aut
1911 3112 1984 3156 ni-

142 3175 240 3227 chil
285 3179 332 3228 V
361 3184 526 3228 autem
562 3182 686 3229 nihil
726 3183 774 3230 L
799 3184 822 3238 11
850 3185 878 3229 8
918 3187 1062 3230 erunt
1102 3189 1188 3231 aut
1228 3203 1322 3248 que
1370 3186 1460 3233 VL
1485 3186 1508 3242 11
1547 3184 1792 3230 disiuncta
1825 3182 1870 3230 V
1900 3181 1984 3228 ad-

140 3250 309 3297 iuncta
345 3251 394 3298 L
416 3252 441 3309 11
468 3253 496 3298 9
538 3270 631 3316 que
670 3254 900 3315 opposita
950 3254 1040 3301 VL
1063 3255 1087 3312 11
1114 3259 1229 3301 sunt
1265 3272 1355 3304 om.
1398 3256 1446 3302 L
1471 3253 1495 3317 11
1518 3271 1587 3316 „se
1611 3254 1654 3301 V
1674 3252 1699 3310 11
1727 3255 1784 3299 11
1816 3264 1983 3297 παρα-

141 3333 484 3369 αιθΖθΥτΜθΝοΝ
535 3324 581 3372 V
633 3338 729 3385 quo
778 3339 872 3384 que
921 3323 1012 3371 VL
1047 3324 1071 3379 11
1115 3327 1175 3371 13
1217 3330 1331 3372 sunt
1369 3323 1473 3384 sed]
1508 3323 1589 3371 sed
1627 3317 1722 3385 Lu
1768 3322 1828 3367 15
1871 3336 1984 3366 con-

141 3388 297 3437 traria
331 3391 461 3441 inter
499 3408 604 3440 sese
639 3408 736 3438 non
771 3395 886 3439 sunt
919 3395 1149 3454 quoniam
1186 3410 1276 3443 om.
1318 3396 1363 3442 L
1405 3396 1429 3451 11
1467 3393 1711 3440 contrarie
1748 3390 1981 3438 dicuntur

153 3458 238 3516 Vll
267 3461 328 3507 16
349 3464 464 3556 ique
499 3463 643 3511 simul
673 3463 763 3511 VL
788 3464 812 3521 11
842 3465 900 3510 17
937 3466 1100 3526 tempe
1134 3464 1218 3523 Vn
1248 3468 1308 3513 19
1343 3464 1499 3513 Varro
1530 3465 1579 3512 in
1598 3458 1781 3509 XXIII.
1825 3458 1920 3509 GL
1950 3454 1982 3520 11

143 3569 435 3620 haurierunt
470 3575 547 3623 Rr
583 3573 877 3624 haurierunt
913 3576 961 3623 L
999 3569 1025 3640 11
