2294 4062
261 1159 263 1162 ‘
332 1145 400 1199 In
452 1144 774 1215 Hieronymi
827 1146 1076 1216 catalogo
1128 1146 1300 1198 omnis
1348 1147 1676 1218 quaestionis
1722 1148 1788 1200 de
1844 1148 1995 1202 libris

165 1234 518 1290 Varronianis
575 1236 927 1290 fundamento
977 1236 1070 1306 (ef.
1109 1237 1171 1290 F.
1210 1237 1419 1290 Ritsehl
1473 1239 1521 1292 d.
1565 1238 1998 1291 schriftstellerei

163 1326 259 1380 des
297 1326 370 1381 M.
410 1326 699 1381 Terentius
731 1325 913 1380 *Varro
955 1328 1010 1380 in
1049 1346 1174 1380 nou.
1210 1347 1345 1382 mus,
1386 1329 1559 1383 Rhen.
1586 1328 1669 1381 VI
1704 1349 1755 1401 p.
1775 1328 1874 1382 481
1918 1349 1996 1401 sq.

162 1417 279 1473 XII
318 1438 370 1492 p.
401 1418 523 1488 150)
561 1418 618 1471 hi
670 1419 834 1471 tituli·
863 1420 1204 1490 grammatici
1256 1428 1669 1473 enumerantur:
1729 1420 1807 1472 de
1861 1420 1994 1473 lin—

162 1528 289 1581 gua
326 1510 548 1564 latina
592 1510 768 1563 lib'ri-
817 1510 999 1578 XXV,
1029 1511 1340 1583 'epitome
1381 1511 1457 1563 de
1488 1511 1731 1582 lingua
1780 1511 1996 1564 latina

163 1618 192 1653 e
237 1599 448 1655 libris
503 1600 725 1671 (X)XV
778 1601 947 1654 libri
1010 1602 1206 1670 VIIII,
1263 1602 1338 1654 de
1396 1620 1714 1655 sermone
1768 1603 1997 1655 latino

160 1691 333 1745 libri
387 1692 459 1762 v,
515 1693 593 1745 de
649 1693 932 1764 origine
988 1676 1287 1764 linguae
1337 1693 1591 1746 latinae
1645 1694 1813 1745 libri
1875 1694 1997 1761 ΠΙ,

161 1783 243 1835 de
287 1783 785 1837 similitudine
840 1786 1222 1838 uerborum
1272 1784 1444 1837 libri
1498 1786 1605 1852 III,
1665 1785 1857 1855 quibus
1913 1804 1996 1837 ae-

161 1873 305 1926 eedit
351 1874 508 1943 *liber
565 1866 988 1946 disciplinarum·
1035 1876 1115 1928 cle
1181 1875 1637 1946 grammatica.
1712 1883 1994 1944 praeterea

162 1972 454 2040 occurrunt
495 1965 638 2036 apud
693 1965 1074 2036 grammaticos
1118 1965 1312 2019 liber
1353 1967 1414 2019 Π
1453 1965 1525 2017 de
1563 1966 1998 2034 antiquitate

158 2056 570 2113 litterarum
619 2058 814 2128 (Prisc.
856 2061 885 2113 I
940 2079 991 2131 p.
1034 2061 1063 2112 7
1104 2058 1329 2127 Hertz),
1380 2058 1546 2110 libri
1599 2057 1679 2110 ad
1725 2058 1999 2112 Attium

161 2148 429 2224 (Pompei.
469 2170 663 2206 comm.
706 2159 802 2204 art.
823 2151 967 2204 Don.
1006 2170 1057 2222 p.
1083 2151 1133 2204 9.
1155 2151 1261 2216 27),
1300 2150 1484 2203 liber
1523 2151 1647 2203 IIII
1688 2149 1766 2202 de
1805 2149 1998 2203 utili-

159 2235 306 2295 tate
349 2242 702 2296 se'r'monis
743 2240 931 2311 (Char.
974 2241 1280 2312 p.123K.).

977 2624 980 2627 ·
1071 2588 1102 2654 I

327 2781 524 2835 Libros
577 2781 656 2834 de
708 2782 940 2852 lingua
998 2781 1219 2833 latina
1265 2782 1433 2834 fuisse
1471 2780 1635 2834 XXV
1691 2789 1745 2833 et
1783 2788 1999 2852 praeter

163 2879 414 2945 quattuor
462 2873 672 2946 priores
722 2874 815 2940 (ef.
857 2872 923 2924 de
962 2873 995 2924 l.
1026 2873 1060 2925 l.
1099 2871 1152 2924 V
1188 2873 1305 2926 lM.
1342 2892 1393 2945 p.
1424 2871 1486 2922 12
1510 2871 1629 2942 Sp.)
1670 2872 1735 2924 ad
1778 2871 1997 2925 Cicero-

160 2980 290 3016 nem
323 2970 383 3015 ut
422 2961 668 3016 Caesaris
729 2963 796 3015 de
850 2962 1103 3034 analogia
1151 2980 1287 3033 opus
1339 2962 1569 3033 scriptos
1600 2956 1728 3015 vesse
1767 2968 1993 3027 constat,

161 3054 298 3109 illud
351 3074 421 3109 ex
470 3055 795 3127 Hieronymi
846 3057 1022 3109 indice
1067 3065 1119 3109 et
1173 3075 1396 3110 seuerae
1449 3056 1814 3129 dispositionis
1870 3057 1995 3125 lege

156 3147 266 3219 'qua
301 3146 479 3200 Varro
526 3166 637 3200 non
684 3148 857 3200 solum
895 3147 951 3199 in
990 3148 1071 3199 his
1109 3147 1260 3200 libris
1299 3150 1548 3201 utebatur
1572 3147 1610 3214 ¹)
1651 3146 1742 3215 (ef.
1784 3145 1991 3199 Ritsehl

159 3248 285 3292 1‘1'011.
324 3257 460 3292 mus.
499 3239 580 3292 rh.
618 3239 701 3291 VI
735 3259 787 3311 p.
812 3238 957 3307 525),
1010 3239 1112 3292 hoe
1161 3257 1188 3291 e
1230 3238 1510 3292 Ciceronis
1550 3238 1811 3291 Academ.
1852 3245 1989 3307 post.

327 3412 369 3467 1)
401 3412 459 3458 ef.
491 3416 681 3469 praeter
715 3413 859 3456 libros
891 3412 948 3455 de
981 3426 1031 3455 re
1062 3412 1237 3455 rustica
1277 3412 1332 3455 de
1375 3410 1706 3466 antiquitatum
1738 3408 1868 3450 libris
1901 3408 1991 3450 Au-

161 3490 336 3546 gustini
353 3491 411 3535 de
428 3492 517 3537 eiu,
531 3492 607 3537 dei
617 3492 677 3537 V1
696 3491 742 3547 3,
770 3492 822 3535 fr.
839 3491 1172 3547 antiquitatum
1188 3491 1371 3534 human.
1392 3490 1470 3533 lib.
1488 3489 1573 3531 XX
1591 3488 1713 3544 ap.N
1716 3502 1789 3531 on.
1811 3487 1993 3542 quadri-

154 3568 322 3613 fariam
357 3586 400 3627 p.
420 3571 492 3626 92,
524 3572 579 3615 fr.
602 3573 659 3616 de
690 3573 790 3616 uita
821 3571 981 3628 populi
1015 3570 1212 3614 Romani
1246 3569 1366 3614 lib.I
1397 3585 1467 3627 ap.
1488 3569 1603 3613 Non.
1626 3568 1794 3612 uictuis
1827 3583 1869 3623 p.
1892 3567 1993 3610 494.

1630 3656 1650 3698 1
