2418 4048
1098 298 1163 345 49

214 445 412 500 litteris
442 450 593 499 recte
635 441 1004 515 exprimendis
1029 441 1097 494 de
1122 440 1266 494 uitiis
1295 439 1554 494 orationis
1590 438 1858 498 uidemus.
1901 438 2048 509 quod

214 542 592 607 argumentum
632 553 754 587 cum
798 533 1001 604 optime
1040 530 1328 584 conueniat
1363 550 1484 583 cum
1521 530 1599 583 eis
1640 529 2045 603 quaestionibus

216 646 346 699 quas
386 626 538 679 stoici
579 644 701 678 cum
738 624 1118 695 rhythmorum
1155 629 1574 694 poematumque
1602 620 1945 693 expositione
1978 619 2047 674 ad

216 716 530 769 dialecticae
566 716 744 769 locum
787 713 908 780 περὶ
955 712 1135 781 φωνῆς
1180 711 1495 766 referebant
1540 712 1634 780 (cf.
1675 731 1840 784 supra
1876 731 1930 784 p.
1970 711 2046 781 6),

215 808 481 862 rationem
525 825 663 876 quae
697 806 839 859 inter
873 805 1042 858 libros
1082 804 1150 856 de
1192 804 1382 875 lingua
1418 803 1582 856 latina
1617 809 1671 856 et
1709 820 1800 856 eos
1842 803 1932 875 qui
1979 802 2047 855 de

217 915 468 953 sermone
505 897 671 951 latino
712 904 862 950 erant
899 896 1200 949 intercedat
1229 895 1472 948 breuiter
1498 895 1570 948 ita
1590 894 1899 966 significare
1919 912 2043 966 pos-

217 1009 419 1057 summ,
454 997 514 1042 ut
532 988 639 1042 illis
660 988 955 1042 stoicorum
974 988 1156 1040 locum
1198 986 1321 1054 περὶ
1360 985 1702 1056 πραγμάτων,
1731 987 1813 1039 his
1853 1005 2047 1040 eorun-

218 1078 342 1133 dem
381 1080 562 1133 locum
601 1078 724 1145 περὶ
763 1078 942 1146 φωνῆς
976 1077 1209 1148 scriptor
1244 1084 1560 1149 persecutus
1597 1077 1679 1130 sit.
1753 1096 1891 1149 quae
1931 1096 2048 1131 sen-

215 1170 384 1225 tentia
419 1188 528 1227 non
565 1187 630 1222 eo
671 1176 892 1241 spectat,
929 1175 989 1221 ut
1026 1177 1079 1222 et
1117 1186 1305 1221 omnes
1342 1186 1431 1221 res
1470 1187 1600 1239 quas
1634 1168 1710 1222 ibi
1750 1169 1904 1222 stoici
1942 1176 2045 1222 tra·

215 1269 365 1316 ctare
414 1261 660 1314 solebant
708 1260 1038 1330 eosdemque
1090 1260 1234 1313 solos
1286 1260 1378 1311 uel
1433 1260 1755 1331 praecipuos
1798 1267 2045 1315 auctores

214 1361 429 1406 secutus
450 1352 629 1406 Varro
654 1352 752 1405 hos
790 1352 957 1406 libros
997 1350 1396 1421 conscripserit,
1436 1350 1533 1403 sed
1568 1351 1738 1422 priori
1775 1352 1856 1404 illi
1894 1352 2047 1423 operi

214 1443 546 1498 alterumssex
580 1449 763 1496 mente
803 1441 1098 1494 stoicorum
1136 1433 1413 1510 tamquam
1434 1442 1804 1495 necessarium
1829 1443 2044 1515 supple-

213 1541 453 1589 mentum
492 1533 720 1603 addidit,
752 1551 820 1586 ne
856 1532 1146 1603 neglectae
1184 1533 1291 1585 sint
1328 1533 1482 1603 leges
1524 1551 1660 1603 quae
1701 1533 1768 1587 ad
1799 1534 2043 1604 linguam

217 1633 480 1694 quatenus
518 1633 674 1679 sonet
709 1633 761 1677 et
798 1623 1049 1677 audiatur
1085 1631 1138 1676 et
1158 1624 1603 1695 conloquentium
1632 1625 1701 1679 sit
1722 1625 2045 1696 pertineant.

214 1733 349 1785 quae
386 1716 694 1788 argumenti
732 1716 973 1770 definitio
1023 1715 1363 1786 singulorum
1413 1717 1847 1786 fragmentorum
1886 1738 2046 1772 accu-

212 1816 331 1862 rata
385 1807 782 1862 examinatione
836 1815 891 1860 et
947 1806 1317 1879 dispositione,
1368 1807 1438 1860 ad
1477 1826 1635 1877 quam
1672 1828 1816 1862 nunc
1853 1827 2046 1882 perg0‚

214 1900 441 1972 egregie
476 1900 899 1955 confirmabitur.

377 1991 647 2064 Incipiam
682 2013 713 2045 a
749 2011 949 2063 proso
970 1991 1104 2045 diis
1140 1993 1232 2045 uel
1269 1993 1705 2048 accentibus,
1753 2012 1885 2065 quas
1925 2002 2048 2047 cum

214 2090 363 2137 certo
403 2081 554 2138 Gelli
593 2083 799 2138 XVIII
833 2083 918 2152 12,
948 2083 980 2135 8
1025 2084 1116 2151 (fr.
1138 2083 1229 2153 61)
1269 2083 1580 2137 testimonio
1623 2092 1835 2138 constet
1871 2085 1929 2138 in
1963 2086 2048 2139 his

177 2199 180 2205 f
212 2173 367 2228 libris
402 2174 699 2244 explicatas
738 2174 923 2243 fuisse,
962 2192 1031 2227 ex
1059 2174 1263 2228 eisdem
1290 2183 1567 2245 sumptum
1597 2183 1677 2229 est
1704 2177 2050 2248 praeclarum

215 2266 581 2335 fragmentum
621 2265 922 2337 exquisitae
950 2265 1233 2318 doctrinae
1265 2274 1319 2318 et
1345 2266 1596 2338 antiquae
1618 2267 1748 2321 artis
1767 2268 2047 2337 refertum,

217 2355 362 2424 quod
400 2354 624 2411 Seruius
665 2373 824 2425 quem
862 2356 1048 2408 dicunt
1087 2356 1327 2409 seruauit
1358 2356 1416 2408 in
1456 2359 1718 2429 opusculo
1755 2366 1879 2431 post
1916 2358 2047 2413 Chr.

215 2444 471 2500 Wasium
511 2446 568 2499 in
604 2446 743 2499 libro
785 2446 871 2499 cui
910 2446 1228 2500 inscribitur
1266 2446 1525 2503 Senarius
1572 2449 1689 2502 siue
1727 2449 1795 2502 de
1829 2450 2046 2521 legibus

215 2543 269 2589 et
304 2535 526 2590 licentia
561 2543 808 2589 ueterum
849 2545 1132 2608 poetarum
1167 2556 1196 2590 e
1235 2535 1419 2592 Seruii
1453 2537 1555 2593 Ms.
1591 2558 1703 2611 cap.
1740 2540 1807 2594 de
1830 2541 2047 2595 Accen-

213 2625 356 2680 tibus
397 2625 628 2695 (Oxonii
674 2626 832 2696 1687)
871 2647 923 2699 p.
957 2628 1024 2680 62
1070 2628 1287 2699 plenius
1327 2629 1393 2682 ab
1432 2629 1668 2702 Iosepho
1711 2631 1775 2684 ab
1816 2632 2048 2687 Eichen-

214 2716 329 2771 feld
368 2724 421 2770 et
453 2716 731 2789 Stephano
764 2717 1061 2772 Endlicher
1097 2719 1155 2773 in
1186 2720 1442 2775 analectis
1476 2723 1843 2793 grammaticis
1869 2743 1922 2796 p.
1944 2725 2049 2779 525

214 2827 294 2880 sq.
354 2827 384 2862 e
437 2809 627 2863 codice
680 2809 985 2864 Lauantino
1041 2812 1243 2865 saeculi
1282 2812 1424 2868 VIII
1477 2814 1569 2866 uel
1616 2815 1788 2869 VIIII
1848 2816 2046 2889 (praef.

214 2919 267 2972 p.
286 2899 476 2969 XXV)
517 2900 682 2957 edito.
719 2901 815 2954 sed
852 2921 963 2956 non
1002 2903 1177 2956 solum
1215 2904 1394 2958 codex
1433 2905 1524 2958 hic
1551 2913 1662 2959 tam
1683 2908 2048 2979 neglegenter

215 2990 450 3061 scriptus
486 3000 586 3062 est,
611 3000 681 3045 'ut
717 2992 988 3046 interdum
1027 2994 1094 3047 de
1134 2995 1515 3050 emendatione
1542 2997 1740 3052 misere
1766 3008 2047 3072 corrupto-

216 3098 336 3134 rum
366 3083 660 3136 uerborum
699 3083 977 3156 despereS‚
1013 3103 1206 3139 uerum
1248 3088 1411 3139 etiam
1461 3088 1681 3142 libellus
1719 3089 1837 3159 ipse
1873 3092 2047 3161 magis

218 3171 612 3244 excerptorum⁴
638 3174 1043 3229 inconditorum
1083 3196 1244 3249 quam
1280 3178 1451 3232 iustae
1500 3179 1880 3250 disputationis
1927 3199 2047 3252 spe-

219 3261 355 3319 ciem
396 3264 634 3334 praebet.
707 3283 874 3334 quare
917 3266 1151 3336 primum
1201 3286 1338 3339 quac
1382 3268 1438 3320 in
1478 3268 1742 3324 Seruiano
1786 3271 2046 3342 opusculo

219 3351 456 3406 Varroni
492 3354 778 3408 tribuenda
819 3356 926 3409 sint
967 3358 1336 3427 quaerendum
1375 3367 1470 3426 est,
1502 3359 1699 3411 deinde
1721 3359 1906 3431 paucis
1933 3361 2048 3413 eius

219 3442 516 3497 referemus
556 3447 950 3516 expositionem
973 3448 1418 3519 quorundamque
1450 3450 1691 3503 locorum
1720 3450 2045 3521 scripturam

223 3533 696 3591 considerabimus,

1682 3638 1712 3682 4
