2358 4016
1237 318 1300 364 56

357 462 678 533 quibusdam
715 461 874 516 Serui
911 463 1071 532 nugis
1108 462 1438 535 interpositis
1478 463 1724 534 proxime
1762 464 1828 517 de
1869 465 2046 518 media
2079 465 2175 519 uix

355 573 451 607 suo
491 555 611 608 loco
652 555 926 624 leguntur,
959 554 1026 606 ad
1046 554 1352 607 Varronem
1389 572 1711 625 quamquam
1749 555 1945 609 misere
1982 556 2174 629 depra-

354 652 479 697 uata
515 645 801 697 referenda
841 644 1107 712 existimO,
1158 662 1317 715 quem
1357 643 1424 695 de
1461 643 1724 714 singulari
1761 653 1953 698 natura
1989 653 2174 699 acutae

355 732 640 806 prosodiae
681 733 983 805 disputasse
1020 733 1179 804 eique
1214 733 1449 803 reliquas
1482 734 1799 806 opposuisse
1822 735 2080 807 suspicor,
2117 744 2177 789 ut

353 824 427 877 ita
466 824 701 876 mediam
742 824 895 894 graui
933 824 1110 894 potius
1151 842 1309 892 quam
1355 831 1541 877 acutae
1595 825 2177 897 conparauerit,²nam

354 914 638 966 altitudine
675 932 791 966 eam
828 931 936 966 non
972 914 1191 983 longius
1228 915 1293 967 ab
1330 922 1504 982 acutu,
1544 934 1701 986 quam
1739 935 1769 967 a
1794 915 1953 986 graui
1980 917 2174 969 abesse

353 1003 588 1057 uidimus
642 1005 712 1057 cf.
770 1003 1101 1057 Corssenum
1154 1005 1190 1057 l.
1228 1005 1263 1057 l.
1300 1022 1354 1075 p.
1386 1004 1489 1057 242
1521 1005 1579 1071 1).
1651 1005 1735 1057 his
1795 1004 2056 1078 expositis
2109 1005 2176 1058 de

354 1219 588 1263 dationem
620 1219 879 1276 periclitari
911 1219 1087 1264 maluit.
1129 1220 1252 1264 idem
1283 1235 1430 1277 pauca
1459 1224 1639 1264 tantum
1671 1236 1695 1264 e
1724 1221 1932 1265 Varrone
1959 1220 2177 1272 ⁴Seruium

353 1299 557 1342 hausisse
594 1300 846 1354 contendit,
893 1315 916 1343 e
957 1300 1085 1343 cuius
1127 1300 1348 1356 opusculo
1388 1314 1499 1343 num
1529 1300 1676 1344 Varro
1718 1301 1883 1344 flexam
1912 1300 2179 1357 prosodiam

355 1379 573 1424 statuerit
602 1379 805 1436 perspici
832 1395 925 1423 non
948 1380 1106 1436 possit.
1138 1394 1329 1435 quorum
1356 1380 1552 1423 alterum
1570 1382 1672 1423 tota
1688 1382 1847 1423 nostra
1865 1379 2180 1437 disputatione

352 1459 593 1513 refutatur,
642 1459 757 1503 illud
796 1460 1000 1504 breuiter
1045 1460 1121 1504 hic
1155 1459 1460 1504 refellendum
1499 1463 1583 1504 est.
1630 1461 1775 1504 uerba
1805 1464 1830 1513 ξ
1852 1460 1908 1504 21
1938 1475 1981 1517 p.
2009 1460 2103 1505 530,
2130 1464 2178 1503 in

355 1541 503 1582 eadem
554 1544 758 1598 opinione
812 1550 851 1582 ec
904 1543 1046 1583 Varro
1089 1544 1177 1596 suit
1216 1540 1275 1583 ad
1320 1539 1623 1595 Tyrannionis
1664 1539 1926 1596 opinionem
1955 1543 2177 1596 quattuor

353 1618 594 1675 prosodias
629 1633 729 1663 esse
763 1622 989 1675 spectant,
1025 1634 1131 1663 nam
1166 1620 1256 1663 alia
1273 1620 1576 1676 Tyrannionis
1613 1620 1768 1677 opinio
1803 1635 1898 1664 non
1925 1620 2180 1677 profertur,

358 1714 500 1756 quare
528 1713 622 1742 non
658 1699 794 1742 uideo
828 1700 939 1755 quid
967 1700 1038 1744 his
1069 1700 1223 1744 verbis
1266 1701 1442 1745 dictum
1481 1701 1555 1756 sit,
1601 1701 1693 1744 nisi
1734 1700 1917 1744 easdem
1959 1703 2180 1758 quattuor

353 1779 608 1837 prosodias,
640 1779 797 1835 itaque
830 1779 996 1823 flexam
1029 1795 1209 1837 quoque
1240 1781 1497 1825 Varronem
1524 1781 1745 1837 probasse
1775 1795 1861 1825 nec
1896 1779 2007 1836 quid
2027 1780 2180 1844 ,116316-

355 1860 514 1917 gentia
546 1860 595 1903 in
625 1874 675 1903 re
707 1864 803 1904 tam
833 1861 970 1917 plana
1002 1874 1197 1917 peccare
1232 1861 1440 1918 potuerit
1472 1861 1707 1918 intellego.
1739 1848 2028 1905 manifestior
2059 1860 2179 1904 alter

354 1941 482 1985 locus
515 1943 587 1984 est
620 1941 832 1994 (ceterum
871 1944 1013 1985 Varro
1047 1956 1083 1985 e.
1105 1956 1146 1997 q.
1166 1942 1219 1997 s.)
1265 1941 1322 1985 de
1355 1956 1444 1997 quo
1476 1941 1612 1985 modo
1645 1941 1733 1998 egi.
1801 1939 1924 1997 quod
1959 1940 2081 1984 enim
2123 1954 2181 1984 ex

355 2021 504 2066 tribus
525 2021 686 2065 Glauci
706 2021 934 2077 prosodiis
967 2036 1082 2078 quae
1114 2021 1194 2065 uni
1225 2021 1370 2066 flexae
1401 2021 1682 2078 respondent
1713 2021 1829 2065 duae
1859 2023 2043 2064 tantum
2075 2034 2181 2064 exa-

355 2102 591 2146 minantur
623 2101 673 2145 id
701 2102 898 2146 fortasse
925 2102 1058 2145 Serui
1087 2105 1341 2159 peccatum.
1388 2103 1641 2159 largiamur
1671 2117 1784 2147 uero
1815 2102 1890 2147 hic
1919 2116 2013 2146 non
2046 2102 2184 2147 modo

358 2182 532 2239 aliquid
563 2181 831 2236 desiderari,
864 2181 945 2224 sed
977 2180 1033 2225 de
1065 2181 1164 2238 ipsa
1195 2177 1301 2236 νήτη
1335 2182 1405 2234 (ea
1436 2196 1564 2238 uoce,
1613 2196 1726 2238 quae
1757 2195 2032 2239 quamquam
2063 2177 2184 2227 male

359 2262 533 2319 scripta
564 2262 700 2305 aliter
731 2262 811 2305 uix
841 2261 934 2318 legi
966 2265 1135 2317 potest,
1170 2276 1412 2317 quamnam
1443 2262 1570 2306 uocis
1601 2262 1962 2307 modulationem
1982 2262 2181 2307 Glaucus

356 2342 692 2399 significauerit
725 2343 970 2386 obscurum
1003 2345 1098 2398 est;
1140 2337 1245 2396 νήτη
1285 2342 1333 2385 in
1364 2342 1540 2386 musica
1575 2357 1779 2386 summus
1820 2343 2080 2398 systematis
2112 2358 2182 2395 so-

356 2437 458 2475 nus,
506 2421 554 2464 in
598 2421 879 2466 octachordo
920 2437 1057 2478 quam
1090 2436 1174 2464 nos
1211 2421 1405 2465 dicimus
1440 2432 1588 2465 octare
1621 2426 1691 2466 est
1723 2422 1779 2466 cf.
1814 2422 2058 2481 Westphal
2086 2423 2118 2468 l.
2149 2423 2184 2483 ly.
2230 2447 2235 2452 ·

357 2517 402 2558 p.
422 2501 481 2545 84
496 2502 580 2557 sq.)
599 2501 855 2545 Varronem
886 2516 1038 2558 agere,
1058 2506 1110 2545 ut
1128 2501 1319 2558 Langen
1339 2501 1507 2558 uoluit3
1541 2505 1642 2545 tum
1661 2502 1760 2558 ipsa
1779 2501 2025 2559 prosodiae
2046 2502 2182 2547 huius

360 2580 611 2637 descriptio
659 2566 810 2634 docet,
859 2586 1035 2624 motum
1077 2581 1306 2637 quendam
1346 2581 1394 2624 in
1437 2584 1679 2637 utramque
1715 2585 1896 2637 partem
1937 2581 1979 2624 ei
2026 2564 2186 2637 tribui,

327 2697 329 2699 .
364 2675 472 2703 nam
511 2662 628 2706 hanc
669 2662 985 2717 mutationem,
1036 2676 1173 2717 quam
1203 2660 1258 2703 H.
1284 2661 1500 2705 Weilium
1533 2665 1581 2723 et
1611 2661 1662 2703 L.
1694 2660 2005 2704 Benloewium
2037 2660 2184 2705 theor-

363 2741 466 2797 gen.
497 2741 553 2788 de
584 2742 791 2785 l'accent.
823 2742 902 2784 lat.
938 2756 981 2797 p.
1006 2741 1063 2785 14
1092 2741 1362 2785 dubitanter
1390 2741 1639 2798 protulisse
1671 2741 1827 2798 miror,
1858 2755 1994 2784 nemo
2028 2740 2183 2799 inpro-

364 2821 497 2865 babit
527 2821 606 2876 qui
634 2821 690 2864 de
722 2821 792 2863 his
827 2821 964 2864 rebus
996 2818 1201 2866 iudicare
1232 2821 1408 2866 didicit.
1437 2821 1543 2864 talis
1573 2835 1684 2864 uero
1716 2825 1868 2865 motus
1903 2835 1990 2866 1166
2022 2826 2185 2869 acutae

358 2916 444 2946 nec
475 2901 607 2957 graui
641 2915 726 2944 nec
757 2901 936 2944 mediae
970 2901 1174 2946 adscribi
1220 2902 1375 2958 potuit
1419 2902 1500 2946 sed
1545 2902 1632 2946 soli
1675 2903 1820 2946 flexae
1862 2916 1999 2958 quam
2019 2916 2187 2947 omues

359 2982 456 3025 fere
491 2980 781 3038 grammatici
819 2981 893 3032 (cf.
930 2981 1165 3038 Aristoph.
1202 2982 1391 3036 Byzant.
1420 2981 1810 3026 Pseudo-Arcadii
1841 2997 1886 3038 p.
1905 2981 1991 3026 202
2032 2981 2185 3032 Schm.

359 3061 571 3105 DiOmed.
605 3075 649 3116 p.
674 3059 775 3114 431,
795 3060 821 3102 6
845 3060 897 3102 Κ.
931 3059 1075 3104 Prisc.
1101 3061 1157 3104 de
1187 3065 1363 3105 accent.
1393 3061 1435 3103 II
1465 3077 1509 3117 p.
1528 3061 1631 3114 520,
1653 3062 1679 3104 2
1703 3061 1758 3104 K.
1777 3061 1855 3117 al.)
1889 3075 1946 3104 ex
1976 3064 2189 3116 acuta‚-et

361 3143 494 3200 graui
527 3145 740 3187 constare
772 3141 943 3185 dicunt.
982 3156 1122 3196 quare
1155 3142 1194 3185 si
1209 3143 1357 3186 Varro
1391 3143 1479 3186 hoc
1510 3143 1567 3186 de
1601 3142 1794 3198 quadam
1832 3143 2047 3197 prosodia
2077 3142 2187 3187 scri-

358 3224 469 3280 psit,
505 3226 661 3266 utrum
693 3236 794 3264 eam
825 3216 959 3276 νήτην
989 3236 1047 3264 an
1076 3226 1436 3282 περισπωμένων
1464 3223 1772 3266 nominauerit
1801 3222 1916 3265 nihil
1947 3222 2105 3276 refert,
2134 3237 2187 3265 re

363 3317 475 3346 uera
506 3302 624 3346 fiexa
662 3306 774 3345 erat.
814 3326 864 3332 —
904 3302 1119 3345 Ceterum
1150 3303 1206 3346 cf.
1241 3303 1298 3347 de
1336 3303 1467 3347 Serui
1503 3302 1720 3359 opusculo
1752 3305 1800 3345 et
1828 3303 1966 3352 rebus
1996 3301 2063 3344 ibi
2094 3305 2186 3345 tra-

365 3384 501 3428 ctatis
531 3383 653 3428 Weil
683 3386 730 3426 et
759 3382 975 3425 Benloew
1006 3381 1035 3424 l.
1065 3382 1094 3424 1.
1129 3396 1172 3437 p.
1194 3382 1221 3425 5
1239 3397 1304 3437 sq.
1344 3382 1416 3426 W.
1435 3383 1630 3426 Corssen
1662 3395 1836 3437 ausspr.
1869 3380 2105 3424 uocalism.
2137 3395 2180 3423 u.

364 3466 551 3519 betong.
584 3463 627 3505 d.
659 3463 734 3505 lat.
768 3461 811 3503 II
844 3476 886 3517 p.
910 3461 996 3504 202
1019 3465 1103 3516 sq.)
1406 3490 1410 3494 -

493 3563 496 3567 ⁴
531 3541 574 3598 1)
600 3541 728 3594 ·Weil
753 3541 1181 3590 'et-—Benloew.l.·l·.
1211 3557 1255 3598 p.
1288 3541 1342 3585 13
1374 3541 1516 3586 uerba
1547 3539 1660 3594 §.23
1692 3555 1733 3596 p.
1753 3541 1840 3584 533
1888 3543 2030 3584 media
2076 3554 2193 3598 qeme-
