2352 4010
1244 321 1309 366 46

371 470 611 522 efficitur.
652 467 899 520 consulto
937 465 1080 518 enim
1117 465 1215 517 hos
1253 464 1420 516 libros
1449 463 1713 532 neglexit,
1742 484 1876 536 quos
1896 467 2186 539 praecipue

368 559 436 611 ad
470 558 754 610 interiores
794 556 1015 624 linguae
1052 553 1285 606 rationes
1324 559 1587 623 spectare,
1638 573 1668 605 a
1720 573 1815 606 suo
1851 554 2020 624 igitur
2060 575 2187 610 con-

370 647 487 698 silio
522 646 726 699 alienos
769 662 885 698 esse
926 652 978 696 et
1015 642 1153 696 nihil
1192 641 1319 694 inde
1361 641 1497 693 sumi
1547 660 1705 711 posse
1746 643 1890 714 quod
1924 665 2035 698 non
2075 664 2184 698 me-

372 736 473 788 lius
508 736 724 788 aliunde
763 734 1113 787 intellexerit.
1152 733 1208 784 in
1232 732 1583 801 sequentibus
1609 734 1942 805 temporibus
1964 735 2005 800 ¹)
2038 735 2190 788 nulla

368 827 630 879 librorum
668 833 974 878 nostrorum
1010 822 1240 892 uestigia
1278 822 1526 893 indagari
1566 841 1743 893 posse,
1785 825 1907 896 quia
1935 825 2186 878 ‘omnium

370 915 460 984 qui
500 915 694 967 talibus
736 914 896 966 rebus
934 912 1256 966 studuerunt
1295 911 1474 964 omnia
1516 913 1714 984 scripta
1749 914 2026 984 perierint,
2077 933 2188 967 non

369 1014 448 1058 est
487 1005 629 1073 quod
669 1022 933 1056 moneam.
974 1010 1160 1073 postea
1194 1003 1481 1056 Remmius
1505 1003 1817 1073 Palaemon,
1853 1005 1939 1058 eui
1975 1004 2187 1072 Quinti-

366 1095 570 1147 lianum
609 1094 931 1163 discipulum
945 1093 1209 1147 Varronis
1239 1093 1655 1164 inpugnationes
1682 1094 1881 1148 debere
1918 1096 2187 1165 exi-stimO,

367 1184 572 1237 Plinius
613 1183 825 1238 Gellius
867 1201 959 1238 eos
1000 1191 1314 1238 tractarunt.

529 1313 906 1381 Ἐπιτομὴν
956 1316 1039 1369 de
1093 1316 1344 1387 lingua
1395 1316 1624 1370 latina
1672 1337 1741 1371 ex
1783 1319 1934 1372 libris
1976 1319 2188 1390 (X)XV

365 1408 706 1461 librosVIIII
728 1427 886 1480 quam
915 1426 1026 1487 11011
1042 1407 1144 1460 nisi
1168 1425 1236 1459 ex
1258 1407 1580 1477 Hieronymi
1605 1409 1781 1461 indice
1816 1409 2082 1478 nouimus,
2116 1409 2188 1462 ita

369 1499 433 1551 ad
476 1499 647 1570 maius
689 1517 823 1569 opus
859 1497 1315 1550 accommodatam
1365 1498 1547 1566 fuisse,
1593 1507 1652 1550 ut
1705 1499 1999 1569 praemisso
2048 1499 2187 1560 libro

368 1588 629 1658 singulari
666 1583 831 1641 ternis
868 1588 1011 1642 illius
1053 1589 1203 1653 libris
1247 1587 1449 1658 singuli
1489 1589 1755 1660 epitomae
1797 1583 2190 1661 responderent

366 1678 691 1732 Ritschelius
713 1698 838 1731 nou.
859 1699 993 1731 mUS.
1014 1679 1116 1732 Rh.
1139 1678 1223 1732 VI
1250 1698 1300 1749 p.
1321 1678 1421 1731 527
1445 1679 1794 1750 probabiliter
1819 1679 2015 1732 statuit.
2054 1680 2187 1732 tales

369 1769 634 1840 epitomae
674 1769 976 1839 amplorum
1015 1787 1237 1840 operum
1277 1787 1527 1821 nonraro
1558 1777 1862 1822 occurrunt.
1904 1757 2188 1825 Philocho-

367 1880 457 1913 rus
505 1856 755 1924 ἐπιτομὴν
804 1859 895 1923 τῆς
947 1856 1089 1919 ἰδίας
1140 1847 1402 1921 Ἀτθίδος,
1455 1860 1705 1930 Phlegon
1755 1861 2058 1934 Trallianus
2096 1860 2186 1912 uel

367 1950 495 2003 duas
534 1945 903 2012 Ὀλυμπιάδων
941 1948 1056 2001 siue
1094 1947 1504 2014 Ὀλιῃιιπιονικῶν
1540 1950 1772 2021 scripsit,
1825 1950 2183 2021 Theophrasti

367 2048 418 2091 et
462 2038 756 2110 Chrysippi
796 2038 981 2109 plures
1022 2046 1403 2092 memorantur.
1481 2039 1820 2117 grammatici
1864 2048 1916 2092 et
1961 2021 2186 2093 aliorum

366 2148 529 2202 opera
570 2136 955 2181 contraxerunt
989 2137 1047 2181 ut
1085 2127 1460 2198 Diogenianus
1501 2129 1771 2202 Pamphili
1823 2127 2000 2191 λέξεις,
2064 2129 2186 2184 Ari-

364 2220 638 2273 stodemus
659 2219 956 2271 Herodiani
995 2218 1298 2287 καθολικήν,
1338 2219 1576 2275 Serenus
1600 2220 1887 2273 Philoxeni
1928 2218 2049 2285 περὶ
2087 2221 2187 2270 τῶν

367 2313 490 2376 παρ’
529 2305 736 2376 Ὁμήρῳ
773 2309 1042 2374 γλωσσῶν,
1083 2317 1135 2362 et
1173 2309 1432 2381 ipsorum,
1471 2318 1529 2362 ut
1549 2310 1787 2363 Nicanor
1826 2329 1893 2364 ex
1930 2310 2084 2363 libris
2104 2308 2188 2362 VI

367 2400 488 2466 περὶ
528 2399 744 2466 στιγμῆς
780 2398 869 2466 τῆς
905 2397 1138 2449 καθόλου
1178 2401 1336 2454 unius
1374 2401 1500 2453 libri
1539 2401 1810 2473 epitomen
1853 2400 1998 2470 fecit,
2043 2400 2184 2470 quod

367 2512 462 2545 cur
510 2492 686 2563 ipsum
738 2490 1069 2563 praestitisse
1127 2491 1455 2544 dubitauerit
1490 2492 1591 2545 Th.
1629 2491 1873 2545 Beccard
1910 2492 1979 2544 de
2018 2491 2184 2544 schol.

364 2584 420 2636 in
456 2582 616 2635 Hom.
659 2581 814 2635 Iliad.
855 2581 995 2634 Ven.
1036 2600 1087 2651 p.
1113 2583 1196 2651 37,
1257 2585 1348 2651 qui
1405 2585 1538 2636 bene
1575 2583 1640 2636 de
1691 2578 2043 2654 epitomarum
2087 2601 2183 2634 usu

367 2674 675 2744 disputauit,
716 2694 825 2727 non
862 2673 1042 2726 uideo.
1084 2674 1474 2743 scribebantur,
1508 2681 1567 2726 ut
1599 2692 1763 2746 opera
1786 2673 2076 2726 multorum
2094 2689 2186 2723 uo·

366 2764 647 2834 luminum,
687 2783 823 2833 quae
860 2765 1048 2834 legere
1089 2765 1242 2816 multi
1276 2750 1489 2829 laboris,
1533 2782 1667 2833 quae
1690 2783 1869 2817 emere
1890 2781 2185 2836 paucorum

366 2858 503 2910 bene
550 2863 946 2908 nummatorum
987 2863 1116 2923 crat,
1160 2873 1316 2924 quam
1353 2854 1598 2926 plurimis
1637 2856 1969 2927 patefierent.
2042 2853 2187 2906 idem

366 2947 544 2999 Varro
585 2944 842 3014 consequi
879 2945 1066 3012 uoluit,
1120 2952 1179 2997 ut
1219 2945 1275 2996 hi
1324 2945 1446 2998 libri
1502 2945 1762 3017 optimum
1803 2945 2185 3003 documentum

365 3036 486 3103 sint,
526 3042 782 3104 quantum
825 3034 871 3091 ei
905 3034 1208 3087 interfuerit
1245 3034 1391 3086 ciues
1431 3053 1555 3094 suos
1590 3035 1834 3103 linguam
1861 3034 2184 3104 intellegere

364 3126 734 3194 rationemque
776 3124 991 3177 dicendi
1048 3125 1205 3195 plane
1266 3131 1605 3194 perspectam
1644 3125 1812 3192 sequi.
1885 3141 2081 3194 nempe
2117 3122 2184 3175 ad

364 3218 508 3271 uitae
544 3235 702 3270 usum
741 3215 918 3267 omnia
953 3215 1066 3267 eius
1106 3214 1281 3267 studia
1318 3215 1646 3285 spectabant.
1719 3215 1805 3267 De
1853 3213 2004 3266 libris
2057 3213 2184 3282 ipsis

368 3308 499 3383 nihil
534 3313 756 3360 constat.

542 3465 584 3521 1)
618 3464 752 3521 Apud
796 3463 1010 3507 Ouidium
1043 3461 1262 3506 nonnulla
1305 3476 1329 3503 e
1368 3460 1574 3505 Varrone
1618 3460 1844 3503 translata
1883 3457 2186 3514 inuestigasse

368 3543 453 3586 sibi
493 3544 618 3586 uisus
649 3549 718 3587 est
749 3544 802 3586 R.
839 3543 1014 3586 Merkel
1047 3542 1221 3597 proleg.
1257 3540 1384 3583 Ouid.
1418 3541 1521 3584 fast.
1555 3555 1597 3596 p.
1622 3540 1730 3583 CVI.
