2306 4016
1274 349 1336 394 86

390 497 512 550 loco
558 494 818 567 quaedam
855 493 921 545 de
960 498 1125 561 Cilone
1151 500 1203 545 et
1225 498 1438 561 Chilone,
1478 492 1544 544 de
1575 499 1847 548 cohortibus
1882 500 1935 546 et
1971 499 2212 548 coortibus

393 586 688 654 coniunxit,
706 602 840 654 quae
862 584 1037 637 omnia
1055 591 1340 637 recurrunt
1358 583 1526 636 altero
1540 583 1716 653 Longi
1738 585 1856 637 loco
1877 603 1930 655 p.
1943 585 2098 654 2229,
2117 584 2211 637 ubi

395 676 462 728 de
482 677 775 728 multorum
815 674 1105 726 uerborum
1145 673 1322 744 agitur
1357 673 1734 745 adspiratione.
1776 674 1844 726 de
1879 681 2065 728 harena
2097 674 2213 744 ipse

393 766 586 818 Velius
624 765 888 817 Varronis
930 764 1136 835 profert
1187 763 1560 816 auctoritatem
1601 762 1696 832 (cf.
1738 763 1894 819 Seru.
1930 763 1999 815 ad
2042 763 2211 832 Verg.

396 855 537 909 Aen.
576 855 604 907 I
630 855 729 907 172
752 855 792 923 l)
806 856 845 921 ),
885 862 1100 925 praeter
1134 861 1384 908 uehemens
1421 862 1474 906 et
1505 854 1969 920 prehensusetiam
2006 859 2219 908 Pulcher

395 954 448 998 et
484 950 736 1000 Gracchus
771 944 1007 1000 Scaurus
1046 945 1081 998 l.
1107 964 1148 996 s,
1177 964 1234 1010 S.,
1290 951 1503 998 Pulcher
1539 950 1789 999 Gracchus
1822 951 1992 998 hortus
2029 943 2216 998 Chari-

396 1035 505 1087 sius
521 1034 564 1099 2)
600 1054 651 1106 p.
677 1035 758 1087 73.
782 1033 850 1087 82
886 1041 1163 1104 tamquam
1198 1034 1537 1088 Varroniana
1574 1042 1808 1087 tuentur.
1878 1033 2217 1087 confidenter

396 1122 564 1195 igitur
627 1124 768 1176 hanc
833 1123 1142 1176 uniuersam
1201 1125 1619 1195 disputationem
1667 1124 1904 1177 Varroni
1955 1124 2219 1192 adscribe,

397 1234 508 1267 non
542 1214 762 1286 quidem
800 1215 1086 1268 arbitratus
1132 1214 1386 1286 Longum
1446 1234 1569 1268 eum
1620 1215 1676 1268 in
1725 1215 1952 1285 singulis
2003 1232 2219 1285 semper

396 1312 642 1358 secutum
664 1322 799 1373 esse,
832 1304 929 1358 sed
953 1305 1130 1357 omnia
1154 1306 1287 1358 haec
1321 1306 1588 1359 uocabula
1608 1310 1733 1359 'uno
1779 1306 2080 1375 eodemque
2099 1304 2220 1357 loco

398 1402 622 1448 tractata
658 1395 966 1467 repperisse
1005 1403 1057 1447 ct
1094 1395 1222 1447 inde
1258 1396 1611 1449 transtulisse.
1679 1404 1838 1467 atque
1876 1395 1944 1447 de
1981 1394 2220 1464 singulo-

398 1505 521 1540 rum
551 1485 948 1538 uocabulorum
983 1485 1343 1557 adspiratione
1380 1485 1701 1557 plerumque
1723 1484 1984 1538 Varronis
2007 1490 2221 1537 senten-

400 1576 529 1629 tiam
566 1576 794 1647 accepit,
849 1575 1123 1628 interdum
1161 1595 1314 1628 suum
1356 1575 1614 1627 iudicium
1653 1575 1838 1628 edixit.
1913 1575 1980 1627 de
2022 1591 2129 1644 qua
2164 1592 2224 1627 re

398 1665 540 1718 infra
576 1664 878 1718 accuratius
910 1664 1097 1716 dicam.
1139 1665 1424 1717 Terentius
1459 1682 1590 1717 uero
1622 1662 1862 1718 Scaurus
1883 1664 1926 1730 3)
1966 1683 2077 1717 non
2118 1665 2225 1717 illis

401 1763 607 1808 tantum
646 1755 780 1809 locis
820 1774 939 1808 cum
976 1755 1136 1808 Velio
1175 1756 1430 1825 congruit
1464 1755 1558 1807 sed
1592 1755 1894 1826 permultis,
1949 1773 1979 1807 e
2029 1755 2223 1824 quibus

401 1845 742 1898 Varroniana
771 1844 976 1914 eligere
1008 1845 1135 1899 satis
1170 1845 1358 1898 habeo.
1398 1845 1633 1902 Scaurus
1657 1844 1823 1898 tradit
1844 1863 1895 1917 p.
1916 1843 2070 1913 2255,
2088 1844 2224 1897 Var-

569 2061 612 2117 1)
647 2061 759 2105 Cum
790 2075 902 2105 uero
935 2075 958 2104 e
991 2074 1217 2105 consensu
1246 2060 1380 2104 huius
1410 2058 1744 2104 loci-Seruiani
1776 2073 1879 2104 cum
1895 2059 2026 2104 Velio
2050 2058 2226 2117 Longo,

403 2156 426 2185 e
458 2155 546 2198 quo
580 2141 714 2184 simul
750 2141 943 2199 adparet
973 2141 1155 2185 Velium
1185 2155 1280 2184 non
1315 2140 1382 2183 ita
1413 2143 1628 2184 accurate
1646 2140 1866 2183 Varronis
1897 2138 2042 2183 uerba
2076 2138 2226 2183 reddi-

401 2221 536 2277 disse,
571 2224 786 2277 sequatur
821 2221 1044 2276 Seruium,
1088 2220 1167 2276 qui
1198 2220 1342 2264 libros
1389 2223 1572 2264 nostros
1610 2220 1880 2264 nominatim
1925 2233 2019 2263 non
2055 2219 2225 2273 adfert,

401 2316 479 2345 eos
509 2301 559 2344 in
585 2316 718 2345 usum
752 2317 886 2346 suum
917 2301 1218 2357 conuertisse,
1252 2301 1311 2345 ad
1345 2300 1596 2345 eorundem
1626 2300 1797 2344 librum
1837 2300 2047 2357 quintum
2076 2299 2227 2345 refero

401 2381 491 2425 duo
532 2381 794 2438 fragmenta
838 2382 960 2439 apud
1003 2381 1213 2425 Seruium
1253 2381 1312 2425 ad
1345 2380 1481 2437 Verg.
1513 2380 1629 2425 Aen.
1666 2380 1792 2424 V1111
1819 2379 1906 2424 194
1952 2380 2026 2436 (fr.
2059 2379 2132 2436 86)
2179 2383 2228 2425 et

401 2460 526 2505 1595
545 2461 619 2518 (fr.
638 2461 729 2516 89),
761 2476 876 2519 quae
907 2476 1130 2518 perquam
1163 2462 1282 2505 bene
1315 2476 1418 2506 cum
1451 2476 1503 2506 eo
1542 2463 1815 2519 congruunt.
1847 2461 2044 2522 alterum
2063 2459 2134 2516 (fr.
2151 2459 2224 2515 89)

400 2540 719 2598 neglegentius
754 2523 780 2584 a
812 2541 972 2584 Seruio
1005 2540 1267 2598 excriptum
1311 2555 1409 2584 esse
1459 2543 1710 2596 conparata
1743 2539 1931 2583 Suetoni
1977 2541 2024 2583 et
2060 2537 2227 2582 Isidori

401 2620 652 2664 eorundem
682 2621 931 2665 uerborum
963 2620 1269 2677 explicatione
1303 2635 1438 2676 quam
1467 2618 1641 2663 subieci
1672 2618 1805 2664 facile
1837 2618 2092 2674 intelleges,
2178 2679 2179 2683 Ἰ

565 2700 610 2756 2)
646 2700 758 2744 Cum
787 2715 897 2743 uero
930 2699 979 2742 in
1010 2699 1187 2743 Charisi
1217 2698 1348 2742 libris
1379 2701 1565 2755 praeter
1594 2698 1796 2754 singulas
1825 2698 2050 2742 librorum
2080 2697 2137 2740 de
2167 2697 2222 2741 si-

403 2779 662 2823 militudine
694 2771 942 2824 uerborum
967 2783 1013 2823 et
1044 2779 1247 2823 utilitate
1281 2778 1504 2822 sermonis
1536 2777 1794 2821 mentiones
1824 2777 2009 2821 nonnisi
2031 2777 2140 2821 libri
2168 2778 2226 2821 de

401 2859 560 2916 lingua
594 2859 740 2903 latina
770 2863 817 2903 et
848 2860 903 2903 de
935 2874 1144 2904 sermone
1177 2860 1322 2902 latino
1354 2858 1664 2913 nominentur,
1713 2858 1798 2902 hae
1842 2871 2024 2915 quoque
2062 2871 2112 2901 re
2148 2858 2228 2901 illa

404 2952 460 2983 ex
494 2938 564 2983 his
598 2942 782 2994 sumpta
812 2953 911 2984 esse
943 2938 1280 2995 quodammodo
1315 2937 1627 2982 confirmatur.

570 3018 617 3075 3)
649 3018 805 3062 Etiam
837 3019 884 3063 in
913 3019 1152 3076 principiis
1173 3019 1370 3063 Scaurus
1404 3033 1507 3063 cum
1518 3018 1724 3063 Varrone
1756 3015 1989 3067 consentit
2018 3031 2063 3073 p.
2089 3016 2227 3062 2251:

407 3098 724 3155 ‘recorrigitur
771 3113 882 3156 uero
921 3099 1171 3152 (scribendi
1211 3099 1350 3154 ratio)
1391 3099 1564 3155 regulis
1609 3097 1780 3141 tribus:
1833 3097 2040 3154 historia,
2089 3096 2225 3154 origi-

404 3178 590 3223 natione
621 3193 757 3235 quam
790 3180 945 3235 graeci
967 3181 1265 3239 ἐτυμολογίαν
1300 3180 1549 3236 appellant,
1582 3177 1881 3236 proportione
1914 3191 2030 3233 quae
2061 3190 2227 3234 graece

406 3255 625 3315 ἀναλογία
667 3257 868 3302 dicitur’.
932 3258 1126 3302 historia
1172 3259 1353 3314 quaerit
1399 3258 1509 3314 quid
1556 3257 1803 3300 auctoritas
1848 3259 2056 3300 ueterum
2105 3271 2225 3300 com-

407 3337 595 3380 mendet
619 3322 684 3381 *et
731 3337 1009 3394 etymologia
1055 3341 1269 3381 nat-uram
1311 3337 1641 3381 uocabulorum
1691 3335 1909 3391 indagare
1959 3334 2128 3390 studet,
2175 3339 2227 3378 ut

406 3421 552 3461 artem
596 3418 665 3461 rei
702 3418 750 3461 in
790 3432 879 3474 qua
910 3417 1110 3462 uertitur
1156 3417 1462 3461 substituerit.
1525 3415 1809 3460 consuetudo
1840 3417 2019 3457 tantum
2052 3413 2226 3457 deside-

405 3500 549 3543 ratur.
614 3511 755 3554 praue
802 3496 1179 3553 orthographiam
1221 3498 1479 3553 analogiam
1512 3498 1748 3551 nuncupat
1775 3494 1889 3538 Mar.
1921 3493 2038 3538 Vict.
2071 3494 2091 3536 Ι
2121 3493 2163 3547 4,
2201 3493 2223 3535 1

406 3593 451 3634 p.
469 3576 584 3621 2465
601 3578 651 3622 P.
