2222 4056
1170 330 1277 378 162·

318 473 648 540 definitione,
672 491 908 542 quanon
937 473 1234 529 includitur
1262 492 1384 527 cum
1409 474 1636 529 dicimus
1671 476 1917 548 ‘laqueist
1957 496 2136 549 quam·

315 564 398 619 uis
437 563 581 617 enim
612 582 779 618 unum
812 565 1044 618 uerbum
1091 564 1175 632 sit,
1227 583 1340 618 non
1387 565 1552 619 habet
1600 573 1782 619 tamen
1833 567 2140 639 simplicem

319 654 790 724 significationem,
842 654 1110 723 siquidem
1149 655 1424 726 significat
1476 655 1637 708 etiam
1676 674 1959 726 personam
1987 677 2138 728 quae

314 745 569 815 loquitur.
608 744 730 798 ideo
769 745 877 799 iam
914 745 1210 799 obnoxium
1249 753 1329 798 est
1363 745 1578 801 ueritati
1606 753 1703 799 aut
1732 746 1967 816 falsitati,
2006 754 2134 802 mm

317 841 369 886 et
404 834 594 903 negari
634 842 685 886 et
723 835 980 888 affirmari
1027 843 1222 907 potest.
1298 836 1472 890 omnis
1510 836 1692 905 itaque
1731 836 1906 907 pri-ma
1956 845 2014 891 et
2047 851 2190 894 sema

320 924 495 977 cunda
520 942 753 1000 persona
774 924 930 976 uerbi
967 926 1209 994 quamuis
1250 925 1566 995 singillatim
1592 927 1920 996 enuntietur,
1957 935 2137 980 tamen

314 1015 457 1067 inter
501 1015 787 1067 coniuncta
834 1015 1003 1067 uerba
1050 1014 1440 1084 numerabitur,
1495 1015 1618 1088 quia
1673 1016 1974 1089 simplicem
2027 1036 2138 1071 non

315 1105 479 1157 habet
514 1105 982 1176 significationem.
1035 1104 1041 1174 Ι
1092 1104 1250 1157 tertia
1286 1122 1519 1176 persona
1550 1107 1706 1164 uerbi
1740 1125 1959 1188 semper
1996 1108 2157 1170 inter,

313 1193 581 1265 simplicia
636 1204 951 1249 numeratur
991 1203 1044 1249 et
1078 1194 1323 1249 nondum
1373 1204 1464 1249 aut
1511 1197 1773 1251 affirmari
1822 1206 1913 1251 aut
1947 1194 2137 1268 negari

313 1294 511 1356 potest,
561 1286 667 1340 nisi
706 1306 829 1340 cum
864 1288 994 1340 talia
1035 1288 1203 1340 uerba
1241 1295 1383 1356 sunt,
1440 1287 1631 1357 quibus
1688 1289 1994 1343 necessario
2046 1307 2130 1342 00-
2154 1304 2210 1348 10

311 1377 502 1430 haeret
535 1395 802 1448 personae
839 1377 1163 1448 significatio
1199 1379 1591 1432 consuetudine
1616 1379 1894 1449 loquendi,
1929 1387 1991 1433 ut
2014 1399 2139 1433 eum

312 1466 539 1526 dicimus
564 1468 729 1541 ‘pluit’
754 1470 852 1525 uel·
867 1468 1136 1538 ‘ninguit’,
1174 1470 1336 1523 etiam
1369 1469 1415 1522 si
1453 1487 1563 1523 non
1598 1469 1826 1528 addatur
1846 1469 1965 1546 quis
1988 1470 2139 1542 pluat

311 1565 402 1613 aut
438 1561 683 1629 ninguat,
722 1566 903 1613 tamen
945 1559 1069 1631 quia
1106 1559 1452 1630 intellegitur
1484 1578 1592 1613 non
1630 1566 1810 1637 potest
1849 1559 1993 1617 inter
2014 1559 2137 1616 sim-

310 1647 476 1718 plicia
517 1649 808 1707 numerari.

309 1834 416 1863 men
445 1819 571 1871 inter
603 1821 830 1877 simplicia
858 1825 1156 1866 numeratum
1187 1825 1276 1867 est.
1322 1837 1431 1869 nam
1462 1837 1540 1866 res
1560 1822 1830 1871 definitione
1860 1823 2140 1876 illustratur,

312 1879 492 1923 dietum
538 1883 609 1923 est
653 1881 776 1924 enim
817 1880 867 1926 id
914 1896 1014 1925 esse
1061 1882 1257 1939 simplex
1302 1882 1427 1939 quod
1463 1898 1606 1926 unum
1643 1883 1864 1939 quiddam
1894 1881 2141 1942 significat.

315 1940 521 1998 itaque
555 1939 664 1984 1100
698 1973 708 1983 .
742 1973 751 1983 .
788 1975 797 1984 .
826 1941 999 1984 habet
1042 1941 1597 1999 significationem„
1655 1942 1884 2000 siquidem
1931 1942 2140 2005 quisquis

311 1998 425 2042 dicit
463 1999 693 2052 ‘ambulo⁷‚
732 2002 780 2042 et
814 2000 1177 2045 ambulationem
1206 1999 1319 2044 facit
1348 2001 1563 2059 intellegi
1593 2003 1641 2044 et
1671 2017 1719 2046 se
1752 2003 1906 2059 ipsum
1934 2003 2015 2064 qui
2047 2016 2141 2045 am-

311 2058 459 2111 bulat,
500 2060 549 2101 et
581 2059 787 2115 quisquis
820 2059 934 2103 dicit
977 2059 1230 2112 ‘ambulas',
1266 2060 1481 2104 simili-ter
1511 2064 1560 2104 et
1589 2074 1687 2105 rem
1720 2075 1838 2118 quae
1868 2061 1926 2105 fle
1952 2065 2006 2106 'et
2036 2075 2142 2104 eum

312 2118 392 2173 qui
422 2117 537 2165 facit
567 2117 816 2175 signifieat.
859 2122 915 2171 at
938 2134 1052 2162 uero
1088 2119 1167 2175 qui
1198 2119 1312 2163 dicit
1332 2119 1569 2166 ‘ambulat’
1594 2120 1711 2165 nihil
1747 2121 1877 2168 aliud
1906 2135 2044 2177 quam
2071 2119 2140 2176 ip-

311 2192 408 2220 sam
427 2176 659 2234 signifieat
677 2178 1055 2231 ambulationem,
1090 2180 1393 2234 quamobrem
1422 2180 1617 2225 tertia.
1646 2193 1930 2236 persona.
1951 2212 1962 2224 .
1985 2193 2138 2236 „pro-

309 2237 645 2292 loquiorum
677 2252 905 2282 summa.
936 2238 1303 2294 Mart.Cap.IIII
1324 2241 1412 2283 388
1441 2253 1488 2295 p.
1509 2241 1671 2296 117sq.
1708 2239 1812 2283 Gau:
1841 2239 2024 2287 Nomem
2052 2240 2138 2291 est,

310 2297 436 2352 quod
464 2296 668 2352 aliquam
698 2311 800 2341 rem
830 2297 1062 2354 significat
1091 2301 1139 2341 et
1168 2311 1254 2353 per
1285 2312 1419 2342 casus
1450 2297 1578 2344 flecti
1605 2300 1780 2354 potest.
1839 2299 2035 2346 uerbum
2067 2299 2139 2343 cst

313 2355 438 2411 quod
468 2355 646 2412 aliquid
677 2355 911 2413 signifieat
944 2361 992 2401 et
1024 2372 1110 2414 per
1137 2360 1351 2413 tempora
1381 2357 1509 2401 flecti
1539 2361 1715 2414 potest,
1749 2361 1804 2403 ut
1837 2357 2028 2404 ‘Cicero’
2058 2371 2139 2405 no·

310 2430 431 2468 men,
466 2416 709 2471 ‘disputat'
736 2417 947 2460 uerbum.
979 2417 1094 2460 haec
1125 2418 1184 2460 ab
1214 2417 1416 2460 inuicem
1449 2419 1666 2473 separata
1692 2431 1788 2462 non
1815 2417 1937 2462 1111111
1953 2416 2140 2474 quidem

312 2474 591 2532 significant,
623 2490 788 2519 uerum
816 2479 976 2519 tamen
1011 2477 1090 2521 uel
1120 2475 1290 2519 falsum
1321 2475 1415 2520 dici
1443 2491 1538 2521 nen
1566 2479 1782 2532 possunt.
1843 2491 1950 2525 (zum
1983 2478 2139 2527 autem

310 2533 486 2578 fuerint
517 2535 765 2580 coniuncta
795 2535 887 2578 iam
916 2538 1114 2592 possunt
1146 2539 1193 2578 et
1225 2535 1451 2581 affirmari
1480 2539 1528 2581 et
1557 2536 1734 2593 negari,
1764 2538 1819 2579 ut
1839 2536 2016 2585 ‘Cicero
2048 2535 2138 2578 dis-

310 2594 478 2649 putat’,
511 2594 604 2637 iam
635 2593 730 2637 diei
762 2597 922 2651 potest
957 2595 1133 2638 ‘Cicero
1152 2603 1259 2638 'non
1289 2595 1528 2652 disputat'.
1576 2609 1677 2639 esse
1705 2598 1862 2640 autem
1891 2595 2031 2640 debet
2057 2608 2138 2637 no-

307 2653 561 2696 minatiuus
606 2668 738 2697 casus
780 2654 994 2707 nominis,
1043 2658 1089 2698 et
1126 2655 1271 2697 tertia
1310 2655 1446 2698 uerbi
1476 2668 1692 2711 persona.
1758 2657 1909 2711 prima
1937 2663 2140 2713 persona

311 2712 543 2769 significat
577 2712 767 2769 aliquid,
801 2714 927 2770 quod
956 2713 1050 2758 iam
1078 2714 1244 2770 negari
1277 2714 1354 2757 uel
1385 2713 1610 2757 affirmari
1638 2714 1803 2770 possit,
1835 2716 1885 2757 et
1917 2713 1970 2756 in
1990 2713 2138 2756 homi-

308 2785 415 2814 nem
442 2775 629 2815 tantum
659 2773 809 2828 eadit3
841 2774 890 2815 in
921 2787 975 2816 ea
1007 2777 1164 2816 autem
1193 2773 1489 2829 intellegitur
1515 2786 1686 2816 nomen
1715 2772 1926 2816 etiamsi
1945 2785 2040 2817 non
2069 2771 2138 2814 di·

308 2833 456 2884 catur,
489 2834 543 2874 ut
578 2831 794 2887 ‘disputo’
828 2835 984 2875 totum
1014 2833 1206 2888 plenum
1227 2835 1311 2884 est,
1338 2833 1478 2875 etiam
1500 2833 1541 2874 si
1570 2846 1664 2875 non
1698 2832 1824 2882 dieas
1856 2832 1988 2890 ‘ego’z
2023 2831 2138 2874 item

311 2891 516 2934 secunda
542 2905 746 2947 persona
781 2893 828 2934 et
859 2892 960 2948 ipsa
989 2891 1082 2934 iam
1113 2890 1307 2934 ueritati
1346 2894 1426 2935 aut
1465 2891 1662 2937 falsitati
1693 2890 1894 2937 obnoxia
1934 2893 2021 2943 est,
2056 2890 2138 2933 sed

309 2949 452 2993 etiam
479 2950 583 3006 ipsa
618 2950 667 2993 in
698 2950 934 2993 hominem
967 2950 1106 3002 cadit,
1144 2953 1192 2992 et
1227 2951 1270 2992 ei
1299 2964 1386 2993 1100
1406 2953 1535 2993 reete
1568 2950 1764 2994 dicimus
1781 2950 2035 3006 ‘disputas’‚
2057 2950 2138 3005 qui

309 3023 395 3053 nec
429 3010 590 3053 audire
623 3023 709 3053 nee
744 3009 1022 3066 intellegere
1059 3009 1183 3065 quod
1214 3009 1388 3052 dicitur
1429 3012 1604 3066 potest.
1664 3023 1777 3067 ergo
1819 3012 1867 3053 et
1904 3009 1992 3052 hoc
2032 3023 2138 3053 cum

311 3069 496 3113 dicatur
526 3069 624 3112 sine
654 3069 858 3121 nomine,
901 3071 1059 3112 tamen
1102 3069 1169 3112 ibi
1196 3082 1369 3113 nomen
1402 3068 1710 3125 intellegitur.
1769 3068 1908 3115 aliter
1936 3067 2136 3126 figurate

309 3130 486 3182 utimur
518 3128 620 3175 siue-
645 3128 797 3186 prima
828 3128 926 3172 siue
959 3128 1162 3172 secunda
1190 3142 1404 3185 persona,
1438 3131 1499 3172 utu
1525 3132 1616 3172 aut·
1635 3128 1905 3185 loquentem
1934 3141 2040 3185 eum
2070 3128 2136 3173 iu-

309 3189 465 3242 dueas,
489 3188 570 3247 qui
598 3188 727 3244 loqui
757 3202 853 3233 non
868 3190 1041 3245 potest,
1075 3190 1156 3231 aut
1186 3188 1247 3232 ad
1277 3202 1382 3232 eum
1412 3191 1738 3233 conuertamus
1772 3187 2037 3238 orationem
2055 3185 2135 3244 qui

307 3262 458 3306 neque
495 3247 658 3292 audire
687 3261 840 3308 neque
869 3246 1146 3306 intellegere
1177 3249 1350 3305 potest.
1380 3247 1526 3291 tertia
1557 3261 1671 3290 uero
1702 3261 1904 3305 persona
1931 3244 2135 3290 non'h04

476 3422 545 3467 lt}
578 3436 728 3483 quum
765 3419 806 3469 G
836 3421 865 3478 Η
895 3421 994 3467 sint
1033 3419 1085 3467 P
1116 3420 1143 3477 Η
1180 3419 1382 3468 coheret
1420 3419 1462 3469 Ο
1491 3420 1516 3476 Η
1553 3422 1618 3467 12
1653 3419 1737 3467 uel
1770 3420 1932 3482 ningit
1967 3420 2018 3468 Β
2053 3419 2133 3467 1101

306 3491 511 3550 ninguet
535 3491 587 3538 D
624 3493 711 3537 aut
745 3490 940 3552 ninguit
964 3489 1053 3543 ΡΗ
1078 3490 1225 3541 etiam
1261 3491 1302 3538 si
1340 3505 1438 3537 non
1473 3490 1686 3538 addatur
1724 3491 1834 3554 quris
1859 3489 2011 3553 pluat
2044 3493 2133 3538 ant

305 3561 511 3621 ninguat
546 3575 635 3609 om.
676 3560 726 3608 B
749 3560 773 3617 ΙΙ
796 3561 955 3624 pluiet
990 3560 1030 3610 C
1049 3562 1073 3619 ΙΙ
1102 3564 1162 3608 14
1199 3555 1337 3609 nfiari
1372 3560 1423 3608 B
1445 3554 1470 3626 ΙΙ
