2418 4042
1093 985 1158 1052 ΙΙ

373 1192 567 1245 Libros
606 1191 682 1243 de
720 1207 1038 1242 sermone
1075 1188 1301 1240 latino
1342 1187 1577 1256 quinque
1612 1187 1778 1240 fuisse
1815 1191 2042 1238 testatur

209 1282 576 1351 Hieronymus
618 1287 671 1333 et
709 1280 797 1351 qui
841 1280 943 1331 hoc
983 1297 1148 1349 opere
1186 1279 1267 1332 usi
1306 1286 1430 1331 sunt
1469 1278 1680 1330 nullum
1718 1277 1918 1328 librum
1954 1293 2039 1327 su-

210 1394 307 1447 pra
344 1374 586 1443 quintum
640 1377 1048 1424 conmemorant
1099 1378 1319 1439 praeter
1369 1369 1621 1422 Rufinum
1674 1368 1731 1420 in
1789 1383 2041 1419 conmen—

210 1464 345 1517 tario
383 1464 439 1516 in
479 1469 651 1515 metra
691 1461 1035 1529 Terentiana,
1079 1460 1340 1531 opusculo
1381 1477 1647 1532 perquam
1686 1458 1899 1510 turbato
1949 1456 2041 1526 (cf.

210 1555 272 1609 F.
295 1554 507 1608 Ritschl
544 1554 593 1606 d.
619 1553 896 1605 alexandr.
916 1551 1164 1604 biblioth.
1204 1570 1256 1621 p.
1281 1551 1421 1620 139),
1457 1550 1548 1603 ubi
1587 1549 1791 1619 legitur
1827 1548 1902 1620 (p.
1924 1548 2044 1602 379.

209 1645 315 1698 380
343 1643 517 1700 Graisf.
553 1664 604 1716 p.
628 1643 763 1695 2707
786 1644 870 1707 Ρ.)
918 1649 1078 1696 Varro
1109 1650 1162 1696 in
1205 1649 1314 1696 VII
1353 1650 1418 1694 et·
1449 1640 1707 1694 continuo
1762 1647 1885 1710 post
1919 1645 2048 1693 idem

222 1743 379 1792 Varro
415 1743 468 1789 in
504 1741 664 1788 eodem
703 1740 826 1787 libro
862 1740 975 1788 VII
1007 1740 1065 1787 de
1109 1740 1278 1800 linqua
1316 1739 1471 1786 latina
1511 1739 1578 1785 ad
1597 1737 1908 1785 Marcellum·
1950 1729 2047 1782 sed

217 1826 601 1898 corrigendum
638 1843 756 1878 esse
791 1832 905 1879 UII
935 1825 990 1876 in
1026 1831 1166 1878 IIII
1193 1824 1334 1876 uidit
1370 1823 1437 1878 Ο.
1460 1823 1595 1876 Iahn
1626 1823 1738 1876 ber.
1768 1822 1817 1874 d.
1840 1821 2044 1874 saechs.

217 1937 333 1990 ges.
374 1919 424 1972 d.
453 1918 597 1970 wiss.
631 1918 694 1971 II
740 1916 875 1968 1850
912 1935 964 1987 p.
994 1916 1110 1985 114,
1149 1916 1232 1968 cui
1270 1915 1566 1986 scripturae
1605 1913 1811 1984 aliquid
1854 1914 2046 1985 proba-

214 2009 434 2063 bilitatis
474 2008 617 2061 infra
649 2008 886 2060 accedet.
961 2007 1181 2059 titulum
1229 2006 1407 2078 operis
1449 2026 1559 2059 non
1600 2023 1719 2058 esse
1758 2005 1825 2057 de
1863 2004 2051 2074 lingua

216 2100 384 2153 latina
440 2100 536 2152 sed
586 2117 710 2152 eum
763 2117 923 2168 quem
975 2117 1137 2170 supra
1177 2098 1369 2168 scripsi
1407 2096 1737 2167 Hieronymi
1779 2104 1832 2149 et
1870 2114 2048 2166 gram—

217 2190 536 2244 maticorum
584 2189 780 2242 scimus
832 2189 1155 2242 testimoniis
1181 2189 1221 2257 ¹)
1283 2206 1513 2258 eumque
1572 2206 1635 2240 eo
1687 2187 1913 2241 consilio
1965 2186 2049 2238 his

217 2281 369 2334 libris
421 2281 739 2353 inscriptum
785 2280 949 2334 fuisse
991 2287 1420 2332 consentaneum
1477 2287 1575 2348 est,
1631 2287 1692 2331 ut
1741 2297 1841 2349 pro
1892 2296 2049 2347 argu-

217 2372 385 2426 menti
425 2372 753 2424 diversitate
779 2392 808 2424 a
842 2371 996 2424 libris
1037 2371 1104 2423 de
1141 2371 1329 2443 lingua
1361 2371 1526 2424 latina
1562 2371 2046 2440 distinguerentur.

214 2463 538 2516 uocabulum
573 2483 728 2516 sermo
761 2481 894 2515 uero
934 2462 1224 2534 scriptores
1261 2463 1470 2515 romani
1509 2481 1608 2534 pro
1648 2460 1937 2530 conloquio
1958 2479 2050 2532 po-

218 2561 443 2606 suerunt
476 2561 534 2606 ut
571 2553 687 2625 ipse
703 2553 877 2605 Varro
916 2553 970 2605 in
999 2553 1368 2606 Parmenone:
1406 2560 1460 2607 in
1493 2561 1793 2620 arqumentis
1814 2557 2054 2606 Caecilius

210 2655 375 2711 poscit
403 2651 635 2711 palmeam,
674 2652 726 2699 in
765 2652 945 2698 athesin
986 2651 1254 2707 Terentia&
1292 2651 1345 2697 iu
1377 2650 1678 2697 sermonibus
1696 2649 1906 2696 Plautus
1946 2643 2051 2712 (ap.

217 2734 360 2788 Non.
382 2733 556 2806 p.374
576 2735 848 2801 Poscere),
890 2734 979 2802 qui
1010 2734 1172 2785 etiam
1207 2752 1400 2786 uocem
1440 2748 1616 2785 sermo
1646 2752 1676 2784 a
1701 2731 2054 2806 conectendis

219 2825 398 2879 uerbis
432 2825 578 2878 ducit
602 2825 668 2877 de
689 2825 823 2895 ling.
847 2824 937 2877 lat.
953 2824 1034 2877 VI
1053 2824 1122 2876 64
1140 2845 1192 2896 p.
1216 2824 1317 2876 241
1354 2845 1509 2878 sermo
1548 2830 1725 2890 opinor
1764 2833 1832 2876 est
1869 2845 1900 2877 (ι
1930 2829 2055 2876 serie

219 2922 347 2970 mide
364 2925 525 2980 serim
556 2923 700 2970 etiam
721 2923 774 2969 in
793 2923 1072 2969 uestimento
1096 2925 1282 2969 sartum
1301 2922 1431 2981 quod
1450 2921 1843 2980 comprehensum
1861 2936 1876 2977 ;
1899 2933 2055 2967 sermo

387 3083 432 3139 1)
463 3083 705 3127 Nonnullis
739 3083 861 3126 enim
890 3082 1004 3126 locis
1039 3082 1169 3135 (Gell.
1187 3082 1338 3126 XVIII
1365 3082 1436 3136 12,
1452 3082 1495 3125 8.
1531 3082 1654 3126 Acro
1683 3081 1744 3124 ad
1774 3081 1933 3123 Horat.
1967 3081 2053 3123 art.

223 3166 343 3218 poet.
367 3162 467 3207 202.
504 3163 653 3207 Rufin.
685 3164 714 3208 1.
735 3179 768 3207 s.
793 3167 847 3219 S.)
889 3162 1134 3206 laudantur
1167 3165 1276 3205 libri
1308 3164 1358 3205 de
1392 3165 1547 3220 linqua
1582 3165 1727 3206 latinu
1765 3164 1822 3204 ad
1851 3161 2050 3204 Marcel-

225 3245 327 3296 lum,
362 3243 420 3286 ad
451 3258 583 3299 quem
614 3244 757 3287 libros
790 3244 846 3286 de
879 3257 1090 3286 sermone
1120 3242 1267 3285 latino
1295 3242 1493 3298 scriptos
1519 3256 1618 3285 esse
1638 3241 1810 3284 Gellius
1831 3238 1932 3295 (XII
1949 3238 1990 3292 6,
2010 3238 2053 3280 3.

227 3321 296 3377 10,
308 3322 353 3378 4)
370 3323 528 3366 tradit.
558 3328 802 3379 praeterea
819 3323 943 3379 apud
960 3323 1157 3366 Gellium
1174 3322 1275 3379 (XII
1293 3322 1364 3377 10,
1376 3321 1424 3378 4)
1449 3325 1496 3364 et
1512 3321 1768 3364 Chai-isium
1787 3322 1848 3376 (p.
1861 3318 1964 3373 241,
1978 3317 2054 3374 27)

225 3401 419 3457 legimus
461 3405 511 3447 de
559 3406 700 3448 latino
739 3421 953 3457 sermone,
1005 3403 1087 3446 sed
1127 3406 1321 3458 uterque
1353 3402 1455 3445 aliis
1486 3401 1598 3444 locis
1635 3400 1769 3455 (Gen.
1799 3398 1885 3440 XII
1909 3398 1952 3451 6,
1984 3398 2053 3441 10.

228 3480 332 3524 XVI
349 3481 426 3537 12,
445 3482 484 3526 7.
521 3484 652 3527 Char.
676 3500 720 3541 p.
740 3484 839 3539 103,
859 3483 931 3527 26.
956 3483 1056 3537 124,
1075 3481 1144 3525 13.
1167 3481 1267 3536 126,
1287 3482 1358 3526 22.
1395 3481 1582 3535 135,18.
1618 3479 1719 3532 205,
1747 3478 1819 3533 15)
1855 3477 2051 3520 eundem

228 3576 363 3617 quem
395 3563 698 3620 Hieronymus
728 3565 938 3608 ordinem
969 3567 1139 3607 tuetur.
