2366 4048
987 348 1047 394 81

100 507 261 546 mone
299 492 733 545 obseruationem
754 491 1119 558 Quintilianus
1157 490 1304 559 (inst.
1334 499 1463 544 orat.
1485 493 1514 546 I
1541 494 1591 562 6,
1616 494 1666 557 1)
1711 494 1930 565 profert,

99 587 190 658 qui
228 605 326 659 pro
358 587 607 656 analogia
643 587 906 640 rationem
946 586 1038 654 (cf.
1079 585 1148 638 de
1184 585 1218 639 l.
1254 585 1288 638 l.
1328 587 1384 639 X
1421 587 1490 638 36
1526 604 1576 656 p.
1599 586 1723 653 564)
1767 605 1925 655 quam

98 677 386 751 praecipue
422 677 690 746 analogia,
727 676 1000 728 interdum
1038 676 1376 746 etymologia
1411 684 1664 746 praestet,
1703 695 1799 746 pro
1838 697 1949 737 na-⁴

97 778 218 822 tura
255 775 577 821 uetustatem
616 767 770 839 ponit
800 784 936 837 quae
979 766 1127 839 quasi
1154 786 1278 838 pars
1307 767 1639 819 auctoritatis
1667 775 1763 834 cst,
1803 787 1927 819 nam

97 861 315 914 ‘uetera’
366 859 438 912 ait
485 859 751 912 ‘maiestas
794 858 1056 930 quaedam
1099 865 1150 909 et
1190 864 1250 909 ut
1286 857 1362 910 sic
1403 857 1634 909 dixerim
1674 857 1927 927 religio¹)

97 950 469 1005 commendat'.
485 948 731 1003 similiter
743 947 1328 1002 MaximusVictorinus
1346 949 1416 1019 (p.
1437 948 1538 999 272
1554 947 1613 1000 L.
1630 966 1681 1018 p.
1702 948 1835 1000 1938
1851 948 1928 1011 P.)

98 1049 156 1095 et
189 1040 533 1112 Augustinus
569 1039 636 1091 de
673 1039 1022 1110 grammatica
1063 1037 1139 1108 (p.
1173 1038 1201 1089 7
1226 1038 1388 1090 Web.
1431 1055 1480 1107 p.
1521 1039 1615 1090 167
1658 1038 1764 1090 Mai
1805 1057 1926 1091 nou.

97 1123 226 1187 bibl.
265 1138 402 1202 patr.
438 1130 541 1193 12)
582 1130 829 1182 Varrone
866 1129 1110 1181 nituntur
1149 1146 1377 1197 quorum
1415 1136 1644 1200 uterque
1681 1137 1928 1181 naturam

97 1221 419 1292 simpliciter
458 1220 672 1288 omittit,
712 1220 923 1273 Probus
974 1226 1157 1272 contra
1209 1219 1355 1284 (inst.
1395 1227 1491 1271 art.
1533 1240 1583 1291 p.
1616 1220 1703 1288 47,
1735 1221 1797 1271 19
1834 1220 1925 1284 Κ.)

97 1311 405 1382 analogiam
445 1317 650 1363 tantum
691 1318 744 1361 et
783 1309 1106 1362 anomaliam
1145 1309 1383 1362 retinuit.

263 1401 364 1455 His
401 1400 711 1472 praemissis
742 1401 797 1452 in
823 1399 961 1452 libro
997 1399 1172 1470 primo
1210 1399 1428 1470 copiose
1469 1399 1546 1450 de
1584 1400 1788 1452 uocis
1827 1420 1926 1452 na·

94 1491 251 1543 ‘tura
286 1490 542 1544 disseruit
566 1498 626 1542 ut
648 1488 878 1543 Seruius
912 1489 979 1542 de
1008 1489 1322 1541 accentibus
1358 1489 1701 1560 paragrapho
1742 1496 1928 1542 octaua

97 1580 272 1650 docet,
312 1598 341 1633 e
381 1581 807 1653 qroarronem
847 1580 1173 1632 breuissime
1213 1579 1280 1631 de
1316 1580 1416 1632 hac
1453 1598 1513 1632 re
1550 1579 1605 1632 in
1645 1580 1786 1632 libro
1822 1589 1927 1632 ter·

95 1672 177 1725 tio·
210 1671 389 1742 egisse
427 1671 696 1739 uidemuS‚
737 1689 896 1743 quem
933 1670 1006 1723 ibi
1047 1689 1182 1740 quae
1223 1670 1290 1722 ad
1329 1670 1612 1740 sequentia
1651 1671 1928 1742 probanda

95 1763 399 1817 necessaria
445 1769 599 1815 erant
652 1780 720 1815 ex
772 1762 924 1814 initio
963 1763 1142 1833 operis
1184 1761 1468 1833 repetiisse
1510 1769 1927 1814 consentaneum

97 1862 194 1908 est.
264 1861 484 1908 secutus
525 1861 606 1906 est
641 1862 701 1905 ut
739 1853 977 1906 uidimus
1024 1853 1221 1906 stoicos
1264 1852 1355 1922 (cf.
1394 1853 1456 1906 R.
1488 1853 1736 1924 Schmidt
1779 1853 1927 1907 stoic.

90 1962 326 2018 gramm.
376 1965 426 2016 p.
465 1945 528 1998 16
562 1944 665 2014 sq.)
722 1963 949 2014 quorum
1003 1943 1342 2010 sententiam,
1396 1963 1555 2015 quam
1603 1943 1710 1995 iam
1768 1963 1929 2014 supra

98 2034 176 2108 (p.
196 2036 356 2101 6.147)
387 2035 645 2104 indicaui,
682 2055 826 2088 nunc
860 2037 986 2089 satis
1015 2036 1188 2088 habeo
1221 2035 1543 2088 breuissime
1575 2034 1723 2088 Gelli
1759 2034 1932 2103 (VH),

96 2127 131 2179 3
159 2130 265 2195 sq.)
309 2126 493 2179 uerbis
533 2127 814 2197 proferre:
873 2126 1087 2197 ‘corpus
1139 2134 1218 2178 est
1258 2125 1401 2196 quod
1442 2133 1533 2177 aut
1578 2124 1817 2177 efficiens
1856 2132 1936 2177 est

98 2225 191 2273 aut
226 2217 456 2287 patiens.
534 2215 590 2267 id
630 2233 827 2285 graece
869 2216 1123 2268 definitur
1161 2211 1216 2264 τὸ
1259 2210 1369 2280 ἤτοι
1410 2215 1595 2263 ποιοῦν
1635 2209 1665 2280 ἢ
1709 2214 1933 2278 πάσχον.

24 2331 29 2335 ·
102 2320 260 2378 quam
297 2306 670 2372 definitionem
711 2306 1015 2376 significare
1072 2306 1262 2358 uolens
1311 2305 1600 2358 Lucretius
1651 2313 1811 2377 poeta
1861 2307 1935 2358 ita

100 2396 312 2470 scripsit
349 2405 546 2464 ianyere
579 2403 704 2451 enim
737 2407 823 2450 aut
851 2404 986 2463 tanyi
1003 2404 1099 2450 nisi
1119 2417 1297 2462 corpus
1314 2403 1420 2450 ulla
1435 2406 1596 2462 potest
1617 2417 1696 2451 res
1720 2397 1770 2465 (I
1790 2397 1932 2465 304).

99 2487 204 2541 alio
243 2505 456 2558 quoque
497 2485 656 2540 modo
698 2487 886 2556 graeci
927 2486 1114 2539 dicunt
1150 2483 1203 2534 τὸ
1242 2486 1401 2552 τριχῆ
1460 2485 1759 2536 aldamum.
1839 2488 1931 2539 sed

97 2597 287 2644 uocem
327 2578 480 2631 stoici
521 2596 717 2648 corpus
757 2597 874 2632 esse
914 2579 1246 2631 contendunt
1283 2598 1513 2649 eamque
1553 2579 1740 2631 dicunt
1770 2580 1933 2632 ictum

99 2668 323 2738 aera’.²)
398 2668 483 2722 his
523 2669 806 2721 coniuncta
844 2676 958 2721 erat
997 2669 1268 2723 distinctio
1305 2670 1452 2722 uocis
1498 2670 1553 2722 in
1598 2670 1933 2723 articulatam

94 2935 388 2981 uoluntariae
420 2935 676 2994 opponitur
706 2936 778 2991 (cf.
797 2935 905 2979 VIII
934 2935 991 2979 22
1023 2951 1069 2992 p.
1096 2935 1197 2980 409.
1231 2934 1345 2979 Χ51
1376 2949 1421 2991 p.
1447 2933 1571 2988 574),
1603 2934 1933 2977 auctoritatem

94 3020 262 3062 contra
294 3016 430 3060 simul
459 3016 844 3072 conprehendunt
874 3031 983 3059 usus
1016 3019 1063 3059 et
1094 3014 1379 3060 consuetudo
1413 3014 1486 3067 (cf.
1520 3013 1562 3056 X
1586 3013 1642 3057 73
1673 3029 1716 3070 p.
1739 3014 1862 3068 585).

263 3096 308 3152 1)
338 3099 502 3155 reliyio
549 3096 698 3140 edidit
745 3096 969 3153 Spalding
1009 3099 1226 3153 reli9i0sa
1254 3081 1760 3138 habet·Amb1·osianus
1792 3093 1827 3146 I,
1862 3111 1929 3136 re-

90 3178 208 3236 12'92'0
241 3176 597 3233 Bambergensis
627 3176 698 3233 (de
729 3191 816 3232 quo
851 3176 906 3220 cf.
942 3175 1140 3219 C.Halm
1172 3175 1266 3218 ber.
1305 3175 1348 3217 d.
1384 3173 1623 3218 muenchn.
1665 3173 1793 3216 acad.
1820 3172 1932 3216 1863

95 3270 140 3313 p.
168 3255 289 3310 391).
349 3256 473 3299 idem
509 3259 637 3300 recte
681 3255 856 3299 deleuit
896 3258 986 3308 uel,
1035 3254 1158 3310 quod
1199 3255 1246 3297 in
1279 3253 1438 3298 codice
1473 3251 1807 3308 Bambergensi
1838 3265 1932 3294 non

92 3334 289 3393 legitur:
319 3350 469 3380 sermo
501 3339 685 3380 constat
708 3335 888 3380 ratione
914 3337 986 3378 uel
1012 3337 1247 3378 uetustate
1274 3333 1558 3378 auctoritate
1582 3330 1931 3374 consuetudine.

111 3459 119 3466 ,
195 3425 198 3429 ’
261 3414 308 3470 2)
340 3414 459 3459 Gelli
489 3418 630 3471 caput
663 3429 688 3458 e
716 3414 844 3458 fonte
877 3427 1047 3469 graeco
1078 3412 1339 3456 deriuatum
1372 3426 1472 3454 esse
1502 3410 1606 3453 ueri
1642 3409 1788 3452 simile
1821 3409 1934 3454 facit

98 3492 383 3539 Theodosius
410 3508 456 3549 p.
479 3493 548 3547 15,
580 3494 659 3537 ubi
693 3493 839 3536 eidem
867 3495 1078 3535 auctores
1110 3495 1377 3535 recurrunt:
1410 3488 1433 3532 ὁ
1469 3489 1518 3531 δὲ
1538 3483 1830 3546 Δημόκριτος
1859 3492 1934 3532 καὶ

99 3570 125 3617 ὁ
155 3569 418 3630 Ἐπίκουρος
446 3576 521 3616 καὶ
553 3575 596 3615 οἱ
625 3575 821 3616 Στωικοὶ
856 3572 992 3629 σῶμα
1022 3572 1206 3628 λέγουσι
1235 3569 1316 3625 τὴν
1348 3567 1521 3628 φωνὴν,
1555 3564 1624 3612 ὅτι
1657 3569 1752 3613 πᾶν
1782 3565 1807 3613 ὃ
1839 3569 1930 3626 ἔχει

1599 3647 1625 3691 6
