2222 4056
1163 326 1260 372 112

302 482 360 526 ut
408 492 478 526 ex
529 491 591 525 eo
629 473 869 525 Probum
919 479 972 523 et
1013 471 1287 524 Isidorum
1329 471 1466 540 orig.
1505 472 1536 524 I
1565 471 1610 538 7,
1635 471 1684 524 2.
1714 472 1762 524 3.
1797 472 1830 524 6
1877 472 2121 526 hausisse

303 563 622 615 existimem.
695 561 834 614 hanc
886 568 1066 612 autem
1104 560 1422 613 diuisionem
1462 580 1491 611 a
1525 560 1776 614 Varrone
1813 563 2119 632 profectam

301 671 418 705 esse
455 653 775 705 confirmant
812 668 946 719 quae
983 651 1196 704 Probus
1235 650 1400 703 instit.
1435 657 1533 702 art.
1569 670 1621 721 p.
1659 650 1774 718 151,
1805 650 1875 703 30
1924 668 1994 705 ex-
2031 669 2118 704 eo·

302 744 425 796 dem
451 743 518 795 de
538 742 810 795 aduerbiis
831 761 860 793 a
883 741 1288 810 pronominibus
1317 740 1625 794 deriuandis
1645 739 1852 812 profert
1874 740 1960 807 (fr.
1977 740 2115 810 102).

299 833 555 886 aduerbia
590 832 734 884 enim
770 850 798 883 e
839 831 1079 884 sedecim
1112 831 1542 902 pronominibus·
1568 830 1687 883 fieri
1731 830 1934 900 docuit,
1982 850 2118 902 quae

299 923 592 976 secundum
628 922 776 974 illam
813 922 1155 993 partitionem
1196 929 1601 974 enumerantur:
1661 939 1732 974 ex
1774 927 1870 985 ille,
1925 939 1994 974 ex
2029 929 2119 976 iste

296 1021 374 1068 hic
404 1020 546 1075 idem,
595 1031 665 1065 ex
715 1020 799 1078 qui
847 1016 1048 1077 (quique
1094 1019 1364 1078 quicunque
1399 1019 1597 1078 quidam
1633 1020 1875 1079 quispiam
1911 1016 2115 1078 abiquis)

300 1110 474 1169 qualia
503 1121 572 1156 ex
591 1102 924 1173 possess-iuis,
948 1103 988 1168 ¹)
1024 1102 1080 1155 in
1098 1103 1197 1154 hac
1218 1102 1436 1172 quidem
1456 1121 1514 1155 re
1547 1102 1774 1156 duorum
1793 1102 2116 1175 scriptorum

294 1194 600 1269 auctoritati
655 1180 959 1245 cedendum
1021 1200 1162 1259 erat,
1218 1212 1326 1244 non
1383 1199 1564 1245 tamen
1626 1192 1791 1246 credo
1849 1192 2115 1248 Oledom’o

295 1304 346 1355 p.
375 1284 510 1337 1905
549 1285 643 1352 Ρ.,
694 1283 783 1354 qui
831 1282 1009 1335 omnia
1062 1283 1386 1353 pronomina
1437 1283 1772 1336 succedanea
1810 1283 2114 1337 Varronem

296 1374 498 1427 dixisse
538 1373 828 1426 contendit.
866 1374 939 1425 ita
977 1373 1116 1425 enim
1151 1375 1351 1445 optime
1388 1373 1840 1426 correxit-Petrus
1864 1373 2114 1427 Bondam

293 1484 405 1517 uar.
442 1465 567 1516 lect.
606 1465 668 1517 II
697 1464 729 1513 2
767 1482 819 1534 p.
858 1463 954 1516 115
1004 1463 1071 1516 cf.
1112 1463 1174 1515 L.
1211 1463 1417 1515 Lersch
1465 1463 1791 1535 sprachphil.
1831 1463 1882 1516 d.
1919 1463 2011 1516 alt.
2047 1464 2111 1517 II

296 1573 345 1624 p.
370 1555 466 1608 151
508 1553 652 1625 quod
691 1554 747 1606 in
787 1554 976 1607 codice
996 1554 1263 1606 Beruensi
1284 1553 1402 1621 380,
1442 1572 1544 1622 quo
1575 1553 1692 1625 ipso
1715 1553 1807 1606 uel
1833 1552 2107 1606 simillimo

293 1645 579 1698 Putschius
614 1664 740 1697 usus
782 1652 878 1711 est,
913 1643 1146 1714 legitur:
1180 1643 1498 1714 ‘pronomen
1538 1643 1663 1713 quia
1699 1658 1810 1696 non
1849 1642 2110 1712 (nouom.

291 1737 417 1799 cod.)
458 1734 706 1804 fungitur
744 1733 923 1786 officio
962 1733 1065 1785 nisi
1090 1733 1386 1803 praemisso
1414 1733 1651 1803 nomine,
1687 1733 1810 1786 ideo
1832 1733 1966 1786 haec
1985 1741 2113 1806 pars

292 1845 321 1877 a
355 1823 602 1877 Varrone
650 1830 875 1878 succedat
918 1831 972 1877 in
1007 1845 1063 1878 ea
1102 1824 1321 1877 'dicitur’
1379 1824 1463 1892 (fr.
1497 1824 1638 1894 100).
1715 1823 2113 1878 succedaneum

267 1915 436 1967 ‘bene
475 1914 736 1987 adpellari
782 1914 958 1985 potuit
1008 1908 1418 1985 relatiuumjut
1450 1923 1493 1969 is
1532 1923 1584 1967 et
1620 1922 1726 1982 ipse
1765 1935 1796 1967 a
1833 1914 2110 1968 Prisciano

292 2007 345 2074 (I
380 2026 431 2078 p.
467 2006 584 2073 579,
618 2007 702 2058 20.
738 2006 859 2075 580,
893 2006 999 2075 14),
1049 2014 1092 2060 is
1128 2014 1181 2058 et
1217 2015 1379 2060 tantus
1413 2027 1440 2059 a
1481 2006 1751 2059 Diomede
1788 2024 1840 2077 p.
1871 1995 2109 2074 329‚'20.

287 2096 405 2160 331,
431 2097 480 2150 5.
518 2098 585 2150 cf.
626 2096 786 2151 Char.
814 2097 930 2165 163,
950 2097 1015 2149 28
1058 2097 1396 2150 subiunctiua
1431 2105 1824 2170 nuncupantur.
1851 2116 1982 2155 cum
2023 2115 2110 2150 au-

287 2195 396 2239 tem
433 2205 631 2239 nomen
668 2187 1076 2257 pronominibus
1115 2187 1493 2259 personalibus
1530 2206 1805 2257 nunquam
1856 2183 2107 2261 praemit-

289 2285 444 2344 tatur,
494 2296 556 2330 ea
600 2284 806 2330 tantum
846 2278 1165 2348 pronomina
1204 2279 1535 2331 succedanea
1575 2277 1751 2332 Varro
1791 2278 1973 2332 dicere
2007 2295 2107 2350 *po-

287 2368 404 2435 tuit,
445 2386 580 2437 quae
614 2387 674 2422 re
711 2387 843 2422 uera
881 2368 1187 2422 nominibus
1227 2368 1542 2422 succedunt.

451 2457 539 2511 De
585 2459 770 2527 uerbis
814 2467 868 2511 et
903 2458 1202 2531 participiis
1243 2458 1333 2527 (de
1369 2459 1404 2511 l.
1425 2459 1460 2511 1.
1481 2458 1622 2511 VIII
1654 2457 1721 2510 58
1756 2478 1808 2530 p.
1834 2456 1976 2528 434)
2015 2455 2108 2512 uel

286 2548 711 2622 participialibus
750 2548 841 2618 (de
883 2550 918 2603 l.
955 2549 990 2601 1.
1029 2549 1172 2603 Χ34
1207 2567 1259 2620 p.
1279 2548 1404 2614 564)
1443 2568 1563 2601 cum
1597 2547 1732 2601 nihil
1770 2566 1799 2601 e
1838 2566 2105 2622 gramma-⁴

284 2641 391 2694 tica
439 2649 710 2694 seruatum
759 2641 826 2695 sit
880 2641 948 2694 ad
1001 2648 1242 2712 quartam
1302 2640 1556 2694 orationis
1606 2647 1818 2711 partem
1873 2622 2105 2717 transeo)

286 2749 420 2802 quae
461 2731 886 2803 praepositiones
926 2730 1184 2783 aduerbia
1232 2728 1639 2783 coniunctiones
1689 2727 2103 2800 conprehendit.

284 2838 512 2889 quorum
548 2820 845 2873 nominauit
886 2820 1105 2891 quidem
1144 2821 1394 2892 copulam
1431 2820 1524 2887 (de
1545 2820 1582 2873 1.
1602 2819 1792 2872 LVIII
1818 2819 1882 2871 10
1903 2839 1956 2890 p.
1976 2817 2103 2887 399)

281 2912 372 2964 uel
406 2911 671 2982 iungendi
702 2919 910 2983 partem
948 2911 1041 2979 (de
1059 2911 1095 2965 1.
1115 2912 1149 2965 l.
1174 2911 1314 2964 VIII
1331 2911 1400 2962 44
1422 2929 1475 2981 p.
1496 2910 1643 2980 424).
1684 2910 1779 2964 sed
1819 2898 2101 2980 praeterea

447 3155 489 3211 1)
522 3154 606 3198 His
638 3152 897 3198 coniunctis
930 3152 1208 3197 testimoniis
1241 3154 1485 3198 obsecutus
1516 3167 1632 3206 sum,
1676 3152 1886 3208 quamuis
1917 3151 2008 3197 alia
2034 3151 2102 3197 dir

278 3235 396 3279 uisio
429 3249 456 3279 a
485 3233 724 3279 Prisciano
752 3233 837 3276 XII
864 3232 903 3276 1.
936 3236 1047 3277 tom.
1070 3232 1092 3275 I
1121 3248 1164 3290 p.
1187 3231 1275 3277 577
1306 3231 1378 3288 (cf.
1401 3247 1455 3288 p.
1481 3230 1585 3287 575)
1617 3232 1813 3288 prolata,
1847 3229 2101 3279 secundum

279 3330 418 3372 quam
458 3317 566 3360 octo
609 3313 884 3371 pronomina
927 3313 1167 3370 primitiua
1214 3313 1317 3370 (ego
1349 3315 1402 3356 tu
1433 3313 1511 3357 ifle
1550 3311 1649 3370 ipse
1690 3313 1780 3357 iste
1814 3311 1889 3358 hic
1918 3313 1957 3358 is
1991 3313 2095 3368 sui),

279 3398 458 3452 septem
500 3394 760 3438 deriuatiua
805 3394 948 3451 (meus
989 3397 1097 3438 tuus
1130 3408 1237 3437 suus
1277 3396 1438 3437 noster
1482 3395 1638 3437 uester
1664 3395 1848 3437 nostras
1881 3395 2096 3449 uestras),

277 3476 455 3532 reliqua
486 3488 602 3532 quae
634 3474 773 3530 uolgo
803 3472 893 3518 huc
922 3472 1187 3517 referuntur
1215 3472 1403 3516 nomina
1433 3475 1554 3527 sunt,
1607 3470 1862 3528 simplicior
1902 3471 1967 3517 sit
1987 3486 2099 3517 „me-

275 3556 457 3613 liusque
488 3569 590 3599 cum
620 3554 842 3611 Dionysio
873 3554 934 3611 (p.
959 3552 1062 3608 640,
1089 3553 1172 3613 22)
1204 3553 1466 3599 conueniat.
