2314 4056
1181 369 1282 416 200

326 519 379 564 et
430 511 712 564 duxissent
767 512 836 565 ad
891 512 1166 576 dextram,
1222 521 1542 582 sequentem
1593 533 1814 570 uersum
1866 536 1896 570 a
1951 517 2140 572 dextra

324 609 478 673 parte
514 601 828 655 inchoantes
866 603 935 655 ad
973 603 1242 656 sinistram
1288 604 1668 674 perducerent,
1723 624 1885 676 quem
1936 625 2138 661 morem

324 691 507 743 ferunt
544 691 813 744 custodire
853 691 1030 745 adhuc
1062 693 1117 744 in
1156 692 1262 746 suis
1317 692 1432 746 liris
1479 694 1728 747 rusticos.
1811 695 1915 749 hoc
1962 705 2142 750 autem

326 798 502 850 genus
543 781 842 852 scripturae
870 782 1122 834 dicebant
1137 780 1544 850 βουστροφηδὸν
1579 785 1792 837 aboum
1825 785 2146 853 uersatione‚

327 870 471 922 unde
510 871 685 924 adhuc
722 871 779 923 in
800 872 1022 940 arand0‚
1059 873 1152 924 ubi
1177 872 1374 925 desinit
1399 874 1578 926 sulcus
1617 881 1670 926 et
1707 874 1853 927 unde
1888 875 2026 928 alter
2061 875 2188 930 ixi-5

331 961 583 1027 choatur‚
648 978 875 1014 uersura
929 962 1148 1032 proprio
1199 963 1464 1015 uocabulo
1525 971 1878 1034 nuncupatur.
1974 964 2148 1018 omnis

330 1056 510 1101 autem
543 1067 735 1102 uersus
777 1050 841 1102 ab
883 1050 1098 1121 integra
1132 1058 1285 1122 parte
1324 1052 1579 1105 orationis
1613 1053 1805 1124 incipit
1833 1061 1886 1106 et
1921 1054 1978 1107 in
2017 1053 2150 1106 inte-

330 1146 539 1209 tegram
577 1139 773 1192 desinit
815 1142 1061 1214 exceptis
1102 1142 1204 1211 his,
1246 1161 1381 1215 quae
1421 1143 1478 1195 in
1514 1143 1809 1197 comoediis
1846 1143 2154 1197 ioculariter

332 1228 475 1282 dicta
512 1238 764 1301 corrupta
798 1239 891 1283 aut
925 1233 1221 1303 semiplena
1259 1234 1557 1287 efferuntur
1591 1241 1682 1286 aut
1701 1253 1838 1307 quae
1865 1253 1987 1288 raro
2009 1226 2154 1307 apud

335 1319 515 1391 epicos
552 1321 711 1373 metri
746 1323 1068 1376 necessitate
1106 1323 1424 1377 diuiduntur
1456 1323 1463 1394 Ι
1495 1325 1613 1395 pari
1647 1324 1854 1378 ratione
1891 1324 1948 1378 in
1981 1343 2144 1378 uersu
2168 1335 2225 1379 10

336 1418 390 1462 et
425 1427 668 1483 apocope
702 1420 991 1484 praecepta
1025 1422 1123 1484 est,
1169 1414 1227 1466 id
1269 1422 1350 1467 est
1386 1415 1677 1468 subtractio
1714 1415 1956 1486 syllabae
1993 1415 2154 1486 sylla-

330 1499 591 1553 barumue
633 1499 945 1573 [cuiuslibet
981 1512 1141 1569 partis
1175 1503 1454 1575 orationis]
1514 1513 1687 1557 metro
1726 1513 1960 1575 cogente
1997 1504 2155 1573 facta,

334 1607 470 1659 quae
509 1591 623 1643 siue
661 1591 718 1644 in
755 1593 924 1646 uerbo
963 1593 1078 1646 siue
1114 1593 1172 1646 in
1207 1595 1427 1646 nomine
1466 1593 1741 1664 acciderit,
1791 1613 1891 1666 pro
1944 1594 2157 1664 integra

332 1689 487 1753 parte
527 1683 782 1736 orationis
818 1683 1133 1754 accipietur,
1176 1691 1236 1736 ut
1274 1684 1418 1737 ‘indo
1459 1704 1553 1738 sua
1590 1683 1674 1737 do’
1726 1683 1783 1736 id
1835 1691 1917 1737 est
1963 1683 2023 1738 in
2062 1703 2157 1738 sua

335 1773 513 1826 domo,
572 1770 732 1826 itemz
773 1774 851 1826 ‘ac
887 1774 1056 1826 famul
1086 1774 1301 1827 infimus
1335 1775 1492 1842 esset‘
1540 1794 1638 1846 pro
1674 1775 1894 1828 famulo,
1966 1773 2150 1827 simili·
2177 1782 2231 1828 15

333 1870 418 1915 ter
459 1862 663 1933 ‘proras
706 1863 999 1916 detondete
1035 1871 1090 1916 et
1131 1864 1429 1936 despoliate
1469 1865 1726 1935 guberna’
1765 1863 1821 1917 id
1856 1872 1939 1918 est
1961 1865 2158 1936 guber-

334 1953 542 2006 nacula.
576 1954 584 2020 Ι
615 1971 806 2006 uersus
830 1960 1009 2006 autem
1039 1954 1199 2007 distat
1223 1975 1253 2007 a
1278 1963 1469 2025 metro,
1508 1955 1652 2027 quod
1687 1955 1744 2007 in
1781 1973 1944 2008 uersu
1981 1953 2159 2008 statim

334 2042 549 2096 auditur
581 2050 635 2096 et
669 2051 918 2114 metrum,
953 2045 1011 2098 in
1047 2053 1220 2099 metro
1258 2053 1437 2099 autem
1469 2065 1580 2100 non
1617 2046 1796 2099 statim
1828 2063 2036 2099 uersus..

309 2119 334 2149 ’l‘

250 2121 306 2172 7⁰
486 2174 594 2242 Qui
643 2193 835 2229 uersus
883 2174 1015 2228 facit
1058 2175 1207 2241 παρὰ
1250 2173 1307 2226 τὸ
1359 2179 1528 2225 ποιεῖν
1583 2175 1758 2230 dictus
1807 2182 1886 2229 est
1931 2172 2161 2242 ποιητής,

339 2292 689 2346 bernacula,
724 2292 845 2337 sicut
875 2293 1074 2337 diximus
1107 2293 1245 2336 metri
1274 2293 1566 2337 necessitate.
1627 2306 1837 2336 uersus
1867 2294 2055 2336 autem
2086 2325 2096 2335 .
2120 2326 2130 2336 .
2150 2326 2161 2337 .

344 2351 555 2395 statim
585 2366 806 2396 uersus.
867 2352 1297 2410 Diom.p.506,15:
1328 2367 1544 2396 uersuum
1576 2365 1747 2407 genera
1774 2350 2023 2408 praecipua
2054 2353 2163 2396 sunt

344 2409 560 2466 quinque,
593 2414 674 2455 aut
704 2411 826 2454 enim
861 2411 1049 2454 dimetri
1079 2414 1187 2454 sunt
1218 2415 1298 2454 aut
1319 2410 1523 2455 trimetri
1546 2413 1625 2453 aut
1653 2409 1916 2453 tetrametri
1945 2412 2026 2453 aut
2054 2423 2163 2466 pen-

341 2469 530 2512 tametri
566 2472 645 2513 aut
675 2469 946 2514 hexametri.
1006 2470 1251 2526 Augustin.
1285 2471 1342 2514 de
1382 2469 1479 2514 ord.
1511 2469 1557 2511 II
1586 2469 1655 2513 40.
1688 2468 1710 2511 Ι
1739 2468 1883 2525 p.417
1910 2468 1980 2512 ed.
2005 2482 2162 2524 congr.

343 2527 385 2572 S.
417 2526 590 2572 Mauri:
636 2543 694 2572 ne
738 2529 919 2585 longius
956 2529 1127 2585 pedum
1165 2543 1324 2573 cursus
1364 2529 1738 2585 prouolueretur,
1782 2541 1918 2584 quam
1959 2525 2054 2571 eius
2095 2527 2160 2570 iu·

341 2586 513 2630 dicium
554 2590 713 2643 posset
754 2588 1005 2643 sustinere,
1050 2587 1239 2631 modum
1283 2588 1449 2631 statuit
1491 2588 1646 2640 (ratio)
1690 2586 1812 2630 unde
1852 2588 2167 2629 reuerteretur

345 2648 393 2688 et
425 2645 483 2688 ab
518 2659 572 2689 eo
607 2645 709 2701 ipso
734 2660 922 2689 uersum
953 2647 1155 2690 uocauit.
1187 2651 1244 2702 cf.
1276 2646 1523 2703 Augustin.
1560 2645 1616 2690 de
1646 2645 1872 2699 mus V3,
1888 2643 1932 2700 4,
1961 2643 2045 2700 Ip.
2063 2643 2163 2687 619.

344 2702 507 2747 Isidor.
544 2704 786 2761 orig.138‚
805 2704 855 2747 2:
890 2719 1054 2748 uersus
1086 2706 1201 2749 dicti
1233 2706 1290 2748 ab
1321 2720 1392 2759 eo,
1425 2705 1547 2760 quod
1578 2705 1774 2761 pedibus
1804 2704 1854 2747 in
1886 2699 2047 2746 ordine
2082 2715 2162 2745 suo

344 2762 594 2818 dispositis,
626 2766 755 2807 certo
780 2762 871 2807 fine
903 2764 1204 2808 moderantur
1237 2779 1321 2820 per
1347 2764 1579 2818 articulos,
1614 2763 1692 2818 qui
1720 2775 1852 2806 caesa
1882 2765 1929 2805 et
1957 2760 2166 2804 membra

342 2820 654 2864 nominantur.
718 2821 796 2876 qui
826 2836 883 2864 ne
907 2822 1088 2878 longius
1117 2823 1522 2879 prouoluerentur,
1564 2835 1702 2876 quam
1745 2819 1966 2863 iudicium
2005 2821 2165 2885 posset

344 2878 585 2932 sustinere,
635 2880 822 2922 modum
867 2881 1033 2923 statuit
1075 2882 1210 2929 ratio,
1259 2881 1381 2924 unde
1422 2883 1751 2933 reuerteretur,
1797 2882 1845 2921 et
1883 2878 1940 2922 ab
1973 2891 2027 2921 eo
2061 2890 2163 2943 lpso

343 2950 505 2980 uersus
549 2942 755 2992 uocatus,
803 2939 926 2993 quod
963 2943 1242 2983 reuertatur.
1303 2939 1366 2982 VI
1400 2938 1470 2992 14,
1504 2938 1554 2981 7:
1601 2951 1761 2980 uersus
1805 2940 1960 2980 autem
2008 2939 2166 2979 uocati

344 2995 500 3052 uolgo,
533 2995 639 3052 quia
673 2996 738 3040 sic
769 2993 1033 3040 scribebant
1068 2997 1246 3053 antiqui
1278 2997 1398 3041 sicut
1429 2999 1586 3039 aratur
1603 2999 1743 3039 terra.
1778 3010 1799 3038 a
1823 2995 2010 3038 sinistra
2043 2994 2165 3061 enim

345 3053 405 3097 ad
436 3054 649 3098 dextram
676 3055 877 3111 primum
897 3055 1188 3100 deducebant
1209 3056 1379 3108 stilum,
1395 3055 1559 3099 deinde
1574 3055 1962 3098 conuertebantur
1977 3053 2034 3096 ab
2053 3051 2164 3096 infe-

343 3111 467 3157 riore
502 3117 550 3156 et
583 3128 739 3157 rursus
757 3114 814 3156 ad
832 3114 1044 3157 dextram
1072 3129 1250 3169 uersus,
1268 3129 1379 3170 quos
1400 3117 1446 3156 et
1460 3113 1597 3156 hodie
1627 3112 1790 3156 rustici
1805 3125 1966 3155 uersus
1981 3114 2164 3155 uocant.

510 3171 607 3216 70²⁸.
668 3172 784 3216 Mar.
816 3173 940 3217 Vict.
971 3173 993 3215 I
1027 3173 1095 3228 15,
1129 3174 1153 3216 1
1185 3189 1229 3230 p.
1250 3173 1365 3216 2499
1383 3172 1453 3216 P.:
1500 3171 1606 3226 Qui
1649 3185 1858 3215 uersus
1892 3203 1902 3213 .
1935 3204 1942 3212 .
1978 3203 1986 3213 .
2019 3169 2162 3212 Ilias

517 3277 546 3323 3
581 3274 997 3339 BostrophenPll
1023 3280 1052 3325 8
1096 3275 1238 3340 quae]
1279 3275 1466 3339 quiPll
1493 3278 1521 3323 9
1562 3274 1707 3338 quae]
1749 3274 2024 3337 quiP1112
2051 3289 2164 3338 par-

343 3346 409 3392 tis
445 3359 535 3394 om.
571 3344 621 3394 P
637 3349 662 3404 Η
689 3349 752 3393 14
789 3346 850 3404 cf.
870 3345 1066 3396 Ennius
1100 3348 1264 3395 annal.
1301 3349 1400 3395 563
1427 3345 1563 3395 Vahl.
1599 3360 1736 3391 suam
1761 3343 2015 3393 Charisius
2049 3346 2166 3391 cete-

343 3417 484 3474 rique
524 3415 548 3470 ΙΙ
588 3415 649 3462 15
682 3416 880 3464 Ennius
915 3430 1030 3464 ann.
1053 3419 1150 3464 317
1175 3416 1313 3464 Vahl.
1358 3415 1383 3471 ΙΙ
1425 3432 1454 3463 a
1491 3413 1641 3461 famul
1678 3412 1726 3461 P
1766 3414 1791 3469 ΙΙ
1837 3413 1898 3459 16
1945 3412 2171 3461 Lucibius

345 3487 435 3531 sat.
458 3483 566 3531 XX
593 3484 660 3543 fr.
677 3488 742 3534 10
777 3485 933 3534 Dous.
975 3485 1223 3533 detendite
1257 3489 1305 3532 et
1340 3485 1548 3548 spoliate
1574 3481 1621 3531 P
1663 3481 1935 3544 despoliate
1984 3484 2034 3528 et
2082 3478 2164 3530 de·

347 3553 540 3600 tundite
575 3554 769 3603 Nonius
787 3549 998 3619 2249011
1027 3557 1088 3603 19
1125 3545 1188 3603 τὸ
1225 3570 1315 3604 om.
1358 3553 1450 3614 Pu
1670 3591 1694 3604 .,
2078 3598 2085 3604 .
2130 3575 2155 3601 ,-
