2294 4062
999 263 1060 311 71

114 408 276 466 dubio
332 415 616 481 poetarum
664 406 1005 479 potissimum
1064 406 1372 474 latinorum,
1437 407 1527 461 ubi
1584 409 1702 461 fieri
1761 410 1956 480 potuit,

113 498 380 572 exemplis
419 498 614 551 additis
655 497 982 570 percensuit.

283 591 463 658 Quem
500 607 632 642 uero
669 589 725 641 in
760 590 924 642 rebus
963 587 1204 640 metricis
1243 595 1518 640 auctorem
1555 588 1847 661 praecipue
1878 591 1952 644 M.

114 681 406 736 Terentius
458 690 672 735 secutus
721 682 789 735 sit
838 700 908 734 ex
959 688 1066 733 tam
1116 681 1302 751 paucis
1361 681 1628 751 relliquiis
1681 682 1950 754 expiscari

116 774 347 828 difficile
385 781 480 828 est.
519 773 563 827 si
602 772 776 844 magis
816 773 883 825 de
922 772 1208 826 Heliodori
1251 771 1459 826 metrici
1496 780 1687 840 aetate,
1739 773 1807 825 de
1846 792 1949 843 qua

113 874 235 938 post
273 863 629 919 Ritschelium
663 864 714 916 d.
753 865 1034 917 alexandr.
1074 863 1320 916 biblioth.
1357 884 1408 936 p.
1433 863 1531 916 138
1556 882 1635 933 sq.
1674 882 1850 936 nuper
1892 864 1945 917 in

111 957 287 1019 uarias
323 963 503 1028 partes
540 955 906 1008 discesserunt
943 956 1013 1008 H.
1049 954 1179 1009 Keil
1218 963 1424 1025 quaest.
1450 974 1677 1025 gramm.
1704 976 1756 1028 p.
1783 957 1848 1008 14
1867 974 1945 1026 sq.

113 1045 557 1102 O.Wachsn1uth
594 1046 781 1118 philol.
819 1046 960 1100 XVI
997 1065 1048 1117 p.
1069 1045 1170 1098 618
1189 1064 1270 1116 sq.
1325 1046 1398 1099 H.
1418 1045 1637 1118 Lipsius
1672 1046 1729 1099 in
1755 1048 1952 1102 Fleck-

113 1137 286 1191 eiseni
327 1155 451 1191 ann.
492 1136 626 1190 1860
663 1155 715 1207 p.
737 1136 841 1189 609
863 1155 958 1206 sq„
1001 1144 1292 1204 constaret,
1328 1137 1394 1188 de
1430 1138 1534 1190 hoc
1576 1138 1948 1208 cogitauerim.

113 1228 347 1282 eundem
391 1227 679 1280 metricum
717 1247 779 1280 ac
818 1227 1092 1280 rhetorem
1128 1227 1325 1280 Horati
1368 1228 1621 1280 comitem
1658 1229 1715 1281 in
1755 1229 1948 1282 itinere

111 1318 447 1372 Brundisino
485 1318 605 1388 (sat.
644 1318 672 1371 I
693 1318 744 1388 5,
769 1318 816 1370 2.
859 1320 928 1371 cf.
949 1319 995 1372 1.
1021 1319 1092 1374 G.
1113 1319 1176 1372 F.
1202 1317 1395 1371 Estree
1414 1318 1603 1371 Horat.
1626 1338 1953 1392 prosopogr.

112 1429 164 1482 p.
189 1410 310 1471 195)
350 1426 470 1463 esse
506 1409 638 1461 mihi
678 1427 895 1480 quoque
934 1411 1026 1477 (ef.
1051 1409 1152 1462 Th.
1176 1410 1368 1480 Bergk
1402 1429 1528 1463 nou.
1566 1430 1701 1464 mus.
1731 1412 1885 1464 rhen.
1924 1412 1952 1465 I

113 1501 289 1574 p.374
309 1504 414 1572 sq.)
454 1501 614 1555 ualde
656 1502 774 1554 ueri
814 1502 990 1555 simile
1030 1501 1251 1554 uidetur
1290 1509 1343 1553 et
1381 1510 1688 1574 temporum
1726 1503 1861 1555 ratio
1894 1510 1954 1555 ut

113 1593 256 1645 infra
293 1592 602 1646 uidebimus
649 1612 760 1646 non
813 1595 1005 1661 obstat,
1062 1593 1348 1662 quominus
1388 1593 1545 1646 huius
1585 1593 1689 1646 uiri
1734 1594 1951 1665 scriptis

114 1683 292 1737 Varro
350 1703 480 1738 usus
542 1683 627 1753 sit,
682 1703 805 1736 nam
857 1683 1049 1736 Horati
1106 1691 1342 1735 saturam
1393 1683 1542 1736 illam
1598 1704 1737 1738 anno
1799 1704 1850 1737 u.
1900 1705 1946 1739 c.

69 1757 77 1766 .
111 1771 444 1830 DCGXVII
484 1776 738 1847 scriptam
782 1791 900 1828 esse
939 1775 1309 1844 probauerunt
1347 1773 1408 1828 C.
1433 1774 1709 1829 Kirchner
1746 1783 1951 1846 quaest.

111 1865 304 1920 Horat.
342 1886 395 1938 p.
417 1866 486 1920 58
503 1885 582 1936 sq.
621 1865 682 1920 O.
711 1867 932 1920 Franke
969 1866 1088 1918 fast.
1128 1865 1320 1918 Horat.
1361 1884 1413 1936 p.
1436 1865 1503 1917 96
1530 1887 1606 1938 sq.
1650 1867 1831 1919 Varro
1864 1886 1951 1919 au·

112 1965 223 2011 tem
259 1965 432 2011 artem
471 1959 768 2026 metricam,
809 1976 969 2027 quam
1012 1950 1295 2027 praeterea
1341 1957 1396 2009 in
1449 1965 1758 2012 transcursu
1801 1959 1955 2028 quasi

116 2050 387 2118 tractauit,
443 2050 487 2104 si
536 2067 733 2120 magna
775 2049 1198 2120 Hephaestionis
1240 2049 1516 2102 uolumina
1558 2050 1751 2117 (efiA.
1790 2050 1950 2103 Ross—

115 2139 253 2193 bach
293 2139 343 2193 d.
364 2139 665 2212 Hephaest.
685 2139 990 2193 Alexandr.
1019 2138 1138 2191 libr.
1178 2140 1282 2210 p.8
1305 2140 1408 2209 sq.)
1448 2158 1816 2212 conparamUS,
1856 2141 1953 2193 uix

115 2230 232 2302 ipse
261 2230 466 2301 primus
493 2231 768 2285 constituit
795 2238 955 2302 atque
978 2229 1293 2298 elaborauit,
1326 2231 1422 2284 sed
1445 2239 1508 2283 ut
1534 2232 1672 2284 solet
1697 2251 1727 2283 a
1752 2250 1951 2302 graeco

113 2322 349 2393 quodam
400 2322 663 2393 scriptore
721 2322 1012 2390 transtulit,
1064 2321 1398 2375 Heliodorus
1455 2331 1633 2375 autem
1690 2323 1945 2395 princeps

115 2411 219 2461 τῶν
243 2412 648 2478 στμπλεκόντων
678 2414 740 2481 τῇ
760 2414 985 2480 μετρικῇ
1006 2412 1211 2482 θεωρίᾳ
1243 2409 1333 2477 τὴν
1360 2413 1484 2477 περί
1513 2410 1736 2479 ῥυθμῶν
1755 2413 1949 2480 (Arist.

113 2503 301 2571 Quint.
338 2521 391 2575 p.
423 2503 493 2555 40
525 2503 690 2557 Meib.
754 2506 824 2558 cf.
861 2505 904 2557 Ι.
953 2502 1154 2558 Caesar
1204 2504 1434 2574 gruudz,
1480 2505 1529 2558 d.
1577 2523 1660 2576 gr.
1708 2505 1949 2575 rhythm.

111 2613 165 2666 p.
193 2594 320 2664 226)
359 2595 525 2649 fuisse
567 2595 801 2663 uidetur,
857 2604 932 2648 et<
964 2596 1125 2649 ‘inter
1172 2614 1402 2666 graecos
1439 2597 1600 2650 huius
1644 2596 1948 2665 (metricae)

108 2684 239 2740 artis
269 2694 362 2739 aut
397 2687 605 2759 primus
640 2695 732 2740 aut
769 2689 915 2741 solus
959 2689 1053 2740 est'
1100 2687 1406 2757 (Mar.Vict.
1428 2689 1489 2742 II
1511 2688 1613 2757 9,ss
1652 2706 1703 2759 p.
1726 2687 1862 2740 2541
1885 2688 1942 2740 P.

110 2777 179 2831 cf.
218 2777 512 2850 Westphal
552 2777 603 2832 d.
640 2780 834 2848 fragm.
876 2778 926 2831 d.
967 2798 1051 2850 gr.
1085 2778 1324 2849 rhythm.
1359 2799 1410 2851 p.
1436 2779 1500 2832 12
1521 2779 1624 2850 sq.)
1666 2797 1824 2848 quam
1862 2797 1943 2830 ra-

110 2868 515 2923 tiocinationem
556 2870 601 2922 si
640 2889 748 2923 non
800 2889 1022 2941 prorsus
1073 2870 1378 2942 aspernaris
1427 2869 1748 2937 addiderim,
1801 2870 1947 2941 quod

108 2977 210 3031 per
244 2979 303 3014 se
339 2979 448 3014 non
484 2961 671 3031 magni
705 2961 966 3014 momenti
1001 2979 1120 3014 esse
1149 2960 1407 3029 concede,
1443 2960 1807 3014 Heliodorum
1829 2979 1948 3013 uer—

108 3070 201 3104 sus·
233 3051 492 3105 iambicos
529 3051 597 3105 de
635 3053 828 3121 quibus
851 3053 1155 3106 Varronem
1183 3069 1396 3124 quoque
1427 3051 1724 3122 diligenter
1768 3051 1948 3121 egisse

106 3141 363 3212 uidimus,
415 3161 613 3214 magna
664 3143 960 3196 subtilitate
999 3151 1347 3214 persecutum
1388 3161 1523 3212 esse,
1574 3143 1628 3195 id
1672 3142 1815 3214 quod
1857 3142 1946 3194 de-

107 3239 374 3286 monstrat
423 3233 689 3287 Prisciani
742 3234 960 3287 libellus
1014 3235 1082 3287 de
1122 3235 1308 3287 metris
1350 3233 1695 3287 Terentianis
1746 3232 1834 3298 (cf.
1876 3232 1944 3283 H.

109 3323 239 3377 Keil
275 3323 312 3378 1.
352 3323 388 3376 l.
423 3343 477 3395 p.
499 3325 602 3392 13),
649 3326 991 3397 eundemque
1029 3325 1098 3378 de
1140 3325 1369 3383 dimetro
1411 3324 1721 3385 catalectico
1762 3321 1942 3392 dispu-

60 3445 67 3449 -
107 3414 516 3485 tasso›eiusque
565 3417 877 3487 exemplum
919 3415 1212 3472 Simonidis
1261 3433 1480 3468 uersum
1522 3432 1685 3484 supra
1723 3429 1941 3465 conme-

106 3511 372 3556 moratum
426 3504 618 3573 (Prisc.
656 3506 691 3559 l.
730 3505 764 3558 l.
807 3506 868 3559 Π
908 3523 960 3575 p.
996 3506 1119 3574 428,
1147 3506 1198 3571 7)
1253 3503 1618 3575 proposuisse,
1672 3501 1762 3571 qui
1820 3519 1942 3553 cum
