2418 4048
958 288 1022 335 69

80 435 300 506 quidem
337 435 569 490 uidetur.
609 436 678 489 ad
716 435 859 489 hunc
895 435 1064 507 igitur
1100 436 1282 488 locum
1323 435 1506 489 Rufini
1542 435 1910 490 testimonium

81 526 168 595 (ft.
194 526 293 597 71)
342 526 410 580 de
452 527 648 581 fabulis
686 527 953 581 Plautinis
993 533 1046 579 et
1087 525 1431 578 Terentianis
1471 526 1566 595 (cf.
1604 526 1667 579 F.
1703 526 1914 580 Ritschl

77 634 312 688 parer-ga
346 617 521 671 Plaut.
566 625 619 669 et
655 617 874 675 Terent.
910 617 939 670 I
974 637 1024 688 p.
1045 615 1169 682 359)
1206 615 1403 671 refer-0.

147 747 151 753 ‚
243 707 344 765 His
379 707 691 780 praemissis
742 707 811 760 ad
859 708 1074 778 singula
1126 725 1381 760 versuum
1431 725 1638 778 genera
1684 707 1909 776 transiit,

80 816 215 871 quae
245 799 434 853 eodem
459 817 564 868 quo
586 798 907 870 plerumque
928 817 990 852 ea
1010 797 1220 851 metrici
1240 797 1393 850 latini
1432 797 1622 850 ordine
1659 800 1911 870 proferre

78 890 271 959 solent,
312 907 434 944 cum
470 889 808 942 recensuisse
846 897 997 961 puto,
1034 897 1092 941 ut
1129 888 1362 960 primum
1390 889 1534 955 γένος
1573 885 1690 938 ἴσον
1732 886 1912 938 διπλά-

79 993 206 1037 σιον,
234 977 489 1046 ἡμιόλιον,
530 981 727 1034 deinde
766 964 956 1034 uersus
995 982 1307 1053 conpositos
1346 988 1631 1035 tractaret.
1681 982 1913 1053 diligen-

79 1079 162 1127 ter
196 1071 331 1127 haee
369 1072 550 1125 omnia
585 1079 901 1144 persecutus
940 1081 1037 1141 est,
1069 1078 1127 1125 ut
1164 1073 1470 1143 fragmenta
1495 1091 1632 1144 quae
1660 1073 1766 1126 huc
1791 1091 1913 1143 per-

80 1161 251 1219 tinere
290 1162 476 1222 docuit
523 1163 734 1216 Ritschl
782 1171 984 1232 quaest.
1025 1164 1184 1217 Varr.
1226 1184 1276 1236 p.
1303 1165 1374 1216 34
1403 1182 1480 1232 sq.
1522 1164 1911 1218 demonstrant.

25 1316 42 1323 -
79 1251 219 1324 quidv
247 1270 379 1306 uero
411 1252 490 1322 ‚de
525 1252 756 1323 singulis
793 1254 1039 1306 statuerit
1074 1253 1446 1322 relliquiarum
1469 1254 1707 1326 paucitas
1743 1254 1914 1308 disce-

80 1351 231 1416 ptare
254 1350 436 1399 uetat.
473 1363 599 1397 nam
636 1344 775 1396 nihil
813 1343 928 1396 fere
970 1343 1037 1396 de
1075 1345 1259 1397 metris
1301 1344 1589 1414 dactylicis
1640 1346 1914 1414 traditum,

77 1447 253 1506 panea·
285 1434 353 1488 de
388 1434 648 1504 iambiciS‚
690 1434 1011 1506 paucissima
1049 1434 1115 1487 de
1148 1435 1455 1506 conpositis.
1497 1435 1740 1506 quamuis
1771 1435 1915 1488 enim

77 1526 134 1581 in
169 1526 456 1583 Diomedis
495 1526 837 1599 expositione
879 1526 947 1578 dc
984 1527 1300 1580 hexametro
1341 1526 1606 1596 dactylico
1648 1527 1913 1596 quaedam

76 1639 106 1671 a
146 1618 398 1673 Varrone
434 1618 664 1690 repetita
701 1636 818 1671 esse
855 1618 1092 1687 credam,
1143 1618 1462 1688 praesertim
1515 1637 1651 1688 quae
1706 1618 1773 1671 de
1824 1638 1914 1671 no-

77 1708 309 1768 minibus
363 1709 478 1764 eius
533 1729 585 1781 p.
621 1709 727 1762 494
769 1729 847 1780 sq.
885 1717 936 1761 et
974 1708 1327 1762 incisionibus
1362 1728 1412 1780 p.
1452 1710 1555 1762 497
1611 1709 1703 1778 (cl.
1727 1709 1911 1762 Victo-

76 1799 208 1859 rino»
232 1799 374 1869 1⁴19,
395 1799 429 1851 2
460 1799 672 1872 1).ΞῦΟὸ
694 1801 779 1865 Ρ.)
814 1801 1090 1870 leguntur,
1127 1808 1310 1854 tamen
1362 1801 1539 1854 minus
1588 1808 1738 1853 certa
1773 1809 1914 1869 sunt,

79 1903 247 1960 quam
280 1903 426 1958 quac
451 1891 534 1943 --in
584 1892 1018 1960 fragmentorum
1058 1892 1255 1945 seriem
1291 1892 1610 1963 recipienda
1646 1892 1912 1946 duxerim.

75 1990 488 2043 unum-tantum
527 1990 777 2054 superest
812 1984 1105 2036 frustulum
1141 1984 1284 2052 quod
1322 1984 1428 2037 huc
1464 1990 1673 2054 spectat
1693 1983 1782 2054 (fr.
1807 1984 1912 2053 72).

75 2073 473 2130 Archilochum
505 2073 649 2127 enim
691 2075 936 2128 trimetro
977 2074 1252 2144 dactylico
1291 2075 1382 2127 uel
1420 2075 1588 2128 heroo
1619 2095 1782 2128 unam
1806 2076 1914 2145 syl-

76 2165 255 2225 labam
290 2164 567 2225 addidisse
622 2173 675 2217 et
714 2166 879 2218 talem
918 2183 1140 2218 uersum
1179 2166 1426 2218 effecisse
1463 2165 1696 2219 tradidit·
1725 2166 1911 2219 ‘omni-

3 2285 8 2289 ·
76 2263 315 2327 potente,
351 2264 578 2327 parente
628 2257 761 2310 meo’
811 2257 958 2326 quod
1011 2265 1244 2310 metrum
1301 2257 1525 2313 Seruius
1580 2256 1910 2327 (centimetr.

77 2347 252 2418 pzss369
277 2345 449 2402 Gaisf.
489 2368 539 2420 p.
564 2348 700 2400 1820
720 2348 806 2415 Ρ.)
849 2348 1198 2401 Alcmanium
1224 2349 1263 2412 1)
1307 2348 1453 2417 dicit,
1498 2348 1914 2402 Archilochium

78 2444 267 2499 contra
302 2446 678 2492 tetrametrum
726 2439 1058 2510 dactylicum
1110 2441 1462 2493 acatalectum
1509 2440 1751 2512 spondeo
1795 2441 1911 2495 fini-

78 2535 192 2582 tum
233 2526 462 2584 Seruius
501 2537 554 2582 et
590 2529 906 2582 Victorinus
947 2530 1038 2583 l.l.
1080 2530 1375 2602 adpellant.
1444 2550 1473 2583 e
1513 2531 1760 2584 iambicis
1799 2550 1907 2584 me-

76 2619 172 2673 tris
210 2620 516 2674 Varronem
549 2619 617 2673 de
656 2621 866 2674 senario
901 2621 1144 2675 locutum
1181 2640 1298 2675 esse
1339 2622 1554 2691 scimuS,
1612 2641 1640 2675 e
1679 2642 1784 2695 quo
1823 2623 1912 2676 ad-

78 2710 203 2766 ditis
240 2711 413 2766 tribus
447 2711 676 2781 syllabis
717 2713 1056 2783 septenarius
1087 2713 1175 2783 (fr.
1202 2713 1310 2783 73),
1348 2714 1672 2786 praepositis
1703 2715 1914 2769 duobus

287 2843 422 2850 -Ἣ

76 2913 181 2945 cum
213 2899 410 2953 scribam
442 2899 711 2944 ostendam'.
742 2913 1019 2956 quamquam
1055 2898 1152 2942 sine
1185 2898 1324 2942 dubio
1357 2914 1414 2942 ex
1445 2897 1575 2942 libris
1596 2898 1666 2942 vde
1687 2900 1912 2955 poematis

79 2983 186 3026 sunt
227 2994 344 3039 quae
390 2980 593 3024 Isidorus
639 2981 668 3024 l.
705 2981 734 3024 l.
774 2980 915 3024 habet
960 2979 1226 3036 ibidemque
1261 2979 1460 3023 fortasse
1495 2994 1610 3035 quae
1642 2979 1910 3023 Victorinus

76 3061 112 3118 (Ι
137 3059 211 3120 15,
235 3060 259 3103 1
292 3076 336 3118 p.
367 3060 486 3118 2499
511 3061 566 3117 Ρ)
612 3065 660 3104 et
690 3061 939 3104 Diomedes
981 3062 1040 3117 (p.
1071 3060 1174 3115 473)
1220 3075 1323 3104 cum
1367 3060 1438 3102 his
1482 3060 1729 3103 coniuncta
1771 3060 1912 3102 fuisse

76 3140 328 3188 ostendunt
361 3141 573 3197 exposita
604 3144 751 3195 erant,
783 3145 941 3184 tamen
972 3155 1066 3184 non
1095 3140 1242 3197 magis
1276 3140 1323 3183 in
1354 3140 1494 3184 dubio
1517 3140 1739 3195 relinquit
1756 3140 1911 3183 Victo·

77 3211 168 3263 riui
199 3222 246 3263 et
279 3203 518 3264 Diomedis
550 3235 799 3266 consensus
834 3220 995 3264 eadem
1024 3220 1211 3264 breuius
1246 3220 1411 3276 opinor
1440 3223 1487 3263 et
1519 3220 1647 3275 quasi
1681 3220 1728 3262 in
1761 3222 1911 3262 trans-

78 3299 219 3344 cursu‘
248 3300 297 3344 in
328 3291 533 3345 eosslibro
568 3301 744 3358 scripta
770 3301 912 3345 fuisse
943 3301 1018 3344 cui
1050 3300 1203 3344 omnia
1234 3301 1414 3357 reliqua
1445 3301 1634 3343 debent.

235 3380 290 3435 >1)
324 3380 424 3435 Quo
453 3381 636 3425 nomine
669 3381 812 3425 etiam
845 3384 1170 3424 tetrametrum
1200 3380 1478 3435 dactylicum
1509 3380 1557 3422 in
1578 3380 1812 3435 dactylum
1834 3380 1911 3423 de-

67 3450 305 3511 sinentem
334 3461 613 3518 intellegunt
645 3461 833 3506 Seruius
864 3462 891 3504 l.
925 3476 959 3505 s.
993 3476 1026 3504 s.
1059 3465 1107 3505 et
1137 3461 1405 3506 Victorinus
1440 3462 1545 3513 112,
1565 3461 1622 3504 33
1654 3475 1698 3516 p.
1726 3459 1844 3504 2518
1859 3461 1907 3503 Ρ.

79 3539 136 3583 cf.
168 3539 410 3584 Rossbach
440 3556 483 3584 u.
515 3541 758 3598 Westphal
790 3541 963 3598 griech.
995 3545 1128 3584 metr.
1161 3557 1205 3597 p.
1226 3541 1297 3585 42.
