2372 4082
1121 367 1219 414 198

250 529 369 565 uno*
411 528 600 565 uersus
658 530 845 566 omnes
895 514 1055 566 metri
1109 530 1314 583 genere
1366 522 1682 586 panguntur
1724 514 1820 568 sed
1855 531 1935 567 ex
1993 532 2082 566 ua-

247 600 341 655 riis
377 602 624 656 uersibus
665 622 884 660 carmen
911 621 1071 657 omne
1100 602 1459 676 compositum
1481 623 1582 677 per
1606 605 1893 658 circuitum
1914 621 2077 673 quen-

249 691 376 746 dam
429 692 500 746 ad
538 693 784 746 ordinem
833 713 988 748 suum
1029 694 1276 764 recurrit,
1320 693 1566 760 περίοδος
1615 692 1815 748 dicitur
1850 703 2083 750 circuitus

251 782 422 836 omnis
478 783 779 836 hexametri
825 802 1016 838 uersus
1066 784 1288 841 modum
1325 784 1598 840 excedens
1640 783 1808 857 [unde
1841 802 1904 838 ea
1943 803 2082 856 quae

139 878 167 922 5
247 873 469 926 modum
505 880 559 925 et
596 892 905 928 mensuram
951 875 1154 929 habent
1203 883 1374 929 metra
1424 874 1569 930 dicta
1610 875 1785 948 sunt]3
1842 875 2083 930 subsistit

244 970 426 1018 autem
462 981 531 1018 ex
568 965 851 1019 commatis
890 965 1021 1018 colis
1058 973 1113 1018 et
1150 965 1419 1020 uersibus.

168 1118 227 1169 69
385 1113 593 1173 Versus
630 1121 729 1185 est,
767 1122 827 1167 ut
845 1114 1082 1173 Varroni
1106 1115 1306 1189 placet,
1322 1116 1613 1172 verborum
1649 1114 1899 1181 iunctura
1939 1132 2078 1191 quae

241 1220 343 1281 per
378 1204 634 1268 articulos
675 1212 729 1257 et
768 1214 1034 1261 commata
1085 1225 1148 1259 ae
1200 1206 1486 1277 rhythmos
1543 1206 1855 1263 modulatur
1893 1206 1951 1258 in
1987 1223 2078 1278 pe—

211 1347 214 1353 ,
243 1293 356 1367 des.
385 1295 586 1368 ‚incipit
608 1303 790 1349 autem
818 1316 848 1348 a
878 1296 1109 1351 dimetro
1151 1304 1205 1350 et
1239 1296 1491 1370 procedit
1527 1314 1703 1369 usque
1734 1296 1802 1350 ad
1825 1296 2080 1353 hexame-

162 1397 220 1442 10
241 1391 384 1444 trum
419 1385 478 1441 in
516 1385 600 1462 his
640 1385 920 1446 dumtaxat
959 1387 1208 1441 uersibus
1246 1386 1339 1456 qui
1380 1405 1481 1458 per
1502 1386 1751 1458 singulos
1788 1387 1957 1460 pedes
1999 1387 2076 1440 di-

239 1463 529 1548 rimuntur,
571 1475 628 1528 in
668 1475 778 1528 illis
814 1483 994 1534 autem
1031 1477 1123 1549 qui
1143 1494 1245 1549 per
1266 1475 1558 1547 dipodiam,
1597 1494 1771 1547 usque
1808 1477 1879 1533 ad
1915 1483 2078 1536 tetra·

239 1551 472 1623 metrum
510 1566 603 1619 uel
641 1574 1058 1639 pentametrum,
1104 1586 1496 1647 nonnunquam
1531 1568 1910 1626 hexametrum
1950 1587 2076 1643 pro-

242 1655 465 1724 cedunt3
506 1657 697 1729 quibus
738 1657 805 1712 de
844 1657 1111 1711 diuisione
1149 1677 1210 1710 ac
1249 1649 1529 1714 scansione
1567 1676 1724 1711 suum
1748 1658 1943 1730 cuique
1982 1676 2077 1720 no—

239 1764 367 1806 men
407 1754 502 1800 est.
559 1747 753 1818 quodsi
777 1747 942 1804 latine
965 1748 1239 1801 taxatione
1262 1748 1594 1820 simplicium
1622 1749 1864 1813 senarios
1889 1748 2072 1804 trime-

168 1849 224 1894 15
243 1845 373 1906 trOS,
415 1838 719 1898 octonarios
757 1855 890 1892 uero
931 1845 1275 1892 tetrametros
1313 1846 1653 1896 uocauerunt
1690 1839 1941 1908 abusine,
1988 1839 2077 1898 uel

238 1928 372 1986 haec
394 1927 704 2005 appellatio
740 1927 1014 1984 tenebitur
1042 1948 1166 1982 cum
1205 1929 1416 1986 sincera
1454 1937 1507 1984 et
1545 1929 1769 2002 propria
1803 1929 2075 2000 significa-

236 2017 386 2072 tione
417 2035 757 2092 graecorum.

378 2107 549 2180 Apud
586 2128 684 2161 nos
722 2116 902 2161 autem
938 2126 1132 2162 uersus
1182 2108 1356 2162 dictus
1398 2115 1480 2161 est
1520 2128 1550 2161 a
1586 2108 1846 2179 uersuriS,
1896 2108 1955 2160 id
1995 2081 2109 2162 est

236 2218 268 2252 a
305 2199 539 2270 repetita
573 2199 840 2271 scriptura
874 2217 945 2253 ex
981 2217 1043 2252 ea
1080 2207 1234 2272 parte
1275 2199 1332 2251 in
1373 2217 1534 2271 quam
1577 2199 1794 2252 desinit.
1881 2198 2073 2270 primis

152 2305 212 2351 20
243 2288 385 2344 enim
425 2289 780 2359 temporibus,
819 2289 960 2343 sicut
1011 2290 1227 2362 quidam
1274 2298 1541 2358 asserunt,
1599 2290 1678 2344 sie
1724 2289 1870 2344 soliti
1923 2296 2074 2342 erant

237 2379 481 2458 scribere
535 2386 597 2431 ut
647 2398 769 2432 cum
807 2400 837 2432 a
876 2379 1065 2434 sinista
1100 2389 1254 2452 parte
1294 2380 1509 2434 initium
1542 2381 1723 2434 faeere
1760 2380 2071 2452 coepissent

239 2510 357 2580 giae,
401 2525 581 2555 comma
630 2526 743 2555 uero
796 2527 898 2556 cum
943 2511 1216 2568 imperfecta
1258 2515 1341 2556 est.
1403 2512 1549 2555 omnis
1581 2515 1737 2555 autem
1767 2525 1931 2555 uersus
1963 2508 2075 2556 κατὰ

238 2568 289 2618 τὸ
319 2572 536 2615 πλεῖστον
567 2570 617 2614 in
648 2571 737 2614 duo
770 2571 871 2615 cola
902 2571 1141 2626 diuiditur,
1175 2571 1368 2615 abusiue
1400 2577 1554 2614 autem
1586 2571 1726 2616 etiam
1753 2584 1932 2614 comma
1963 2570 2075 2615 dici-

238 2633 316 2680 tur
353 2630 500 2675 colon.
561 2630 678 2674 Mar.
711 2630 829 2675 Vict.
864 2631 886 2672 I
916 2630 986 2685 19,
1021 2631 1045 2673 1
1078 2646 1125 2687 p
1145 2630 1352 2674 2508P.
1399 2630 1648 2674 incisiones
1680 2644 1914 2683 uersuum,
1959 2644 2072 2686 quas

237 2689 396 2746 graeci
424 2687 570 2746 τομὰς
599 2692 787 2743 uocant,
818 2692 925 2733 ante
957 2689 1112 2733 omnia
1142 2690 1191 2732 in
1223 2690 1492 2733 hexametro
1526 2690 1668 2736 heroo
1699 2689 1958 2733 necessario
1995 2690 2074 2734 ob-

240 2748 494 2795 seruandae
534 2751 653 2791 sunt.
717 2749 862 2792 omnis
896 2749 1019 2792 enim
1048 2763 1210 2792 uersus
1245 2749 1295 2792 in
1327 2749 1417 2792 duo
1450 2750 1551 2793 cola
1574 2749 1843 2792 formandus
1877 2753 1962 2803 est,
1995 2748 2075 2804 qui

235 2806 404 2856 herous
437 2807 708 2852 hexameter
736 2809 903 2852 merito
935 2808 1292 2865 nuncupabitur,
1325 2808 1364 2852 si
1385 2809 1655 2866 conpetenti
1689 2808 1971 2853 diuisionum
2004 2822 2075 2852 ra-

235 2865 364 2914 tione
397 2866 657 2913 dirimatur.

403 2925 475 2970 69.
535 2926 652 2973 Mar.
684 2926 806 2970 Vict.
841 2925 965 2980 114,
1001 2926 1093 2984 lp
1098 2926 1333 2970 ..224981’
1370 2926 1589 2971 Versus
1624 2929 1756 2970 est.
1838 2960 1848 2969 .
1887 2925 2074 2983 signi-

239 2982 279 3028 f]
294 2984 534 3029 catione
570 2999 927 3042 graecorum.
992 2985 1170 3041 [uersus
1204 2986 1372 3029 herous
1405 2985 1673 3028 hexameter
1705 2999 1816 3041 epos
1858 2984 2073 3043 dicatur}

239 3043 390 3103 apud
419 3058 525 3089 nos
559 3079 567 3088 .
603 3078 614 3088 .
648 3078 657 3088 .
699 3045 1075 3089 necessitate
1121 3044 1509 3101 diuiduntur,
1555 3047 1610 3088 ut
1654 3045 1777 3101 apud
1816 3043 2073 3100 Vergilium

240 3103 406 3162 (qeorq.
439 3106 516 3149 111
542 3103 651 3160 381)
701 3105 892 3159 ‘septem
925 3104 1136 3148 subiecta
1168 3104 1338 3148 trioni'.
1397 3104 1534 3161 pari
1564 3104 1802 3147 ratione
1836 3138 1844 3147 .
1881 3137 1889 3147 .
1925 3136 1934 3146 .
1968 3118 2073 3161 gu-

405 3232 430 3276 1
470 3245 568 3276 uno
588 3245 678 3278 om.
698 3224 789 3291 ΡΗ
814 3233 843 3276 2
881 3245 947 3278 cm
977 3246 1116 3277 omne
1137 3230 1432 3279 delendum?
1456 3231 1480 3287 ΙΙ
1507 3231 1534 3276 3
1570 3246 1687 3278 num
1725 3230 1788 3276 ad
1825 3229 2075 3276 exordium

237 3298 417 3350 suum?
438 3293 463 3362 ΙΙ
488 3298 720 3347 decurrit.
745 3293 1015 3356 Περίοδος
1040 3299 1221 3347 dicitur
1243 3299 1458 3347 omnisP
1476 3295 1500 3365 ΙΙ
1525 3301 1555 3345 4
1577 3301 1812 3346 exametri
1831 3297 1881 3344 P
1898 3299 1921 3353 ΙΙ
1945 3299 2076 3346 unde

240 3390 306 3401 —
344 3369 482 3425 sunt]
517 3371 658 3418 uncis
691 3370 891 3418 inclusit
916 3368 1096 3417 Vsener
1119 3372 1144 3428 Η
1170 3372 1199 3417 6
1237 3373 1476 3417 commate
1511 3370 1603 3424 ΡΗ
1629 3371 1658 3415 8
1697 3383 1752 3414 ac
1786 3366 2066 3428 rhythmos]

237 3435 488 3498 arythmos
507 3436 598 3492 Pu
623 3440 652 3485 9
691 3442 990 3485 exametrum
1026 3439 1166 3498 infra
1200 3455 1388 3500 quoque
1415 3434 1499 3502 Pu
1529 3443 1585 3484 11
1632 3437 1867 3500 dipodian
1890 3435 1939 3483 P
1956 3439 1980 3493 ΙΙ
2009 3437 2069 3482 13

239 3520 328 3554 sua
356 3508 534 3570 cuique
573 3506 663 3565 ΡΗ
690 3511 754 3555 14
791 3507 967 3571 quodsi
995 3507 1174 3558 Vsener
1209 3525 1335 3572 quos
1361 3507 1453 3572 ΡΗ
1478 3508 1753 3571 simplicum
1770 3502 1818 3556 P
1836 3510 1861 3564 Η
1888 3509 1950 3554 16
1988 3520 2074 3568 ap·

238 3576 504 3640 pellatione
538 3576 803 3626 habebitur
838 3575 888 3625 P
915 3590 1042 3629 corr.
1078 3576 1259 3628 Vsener
1281 3579 1305 3634 ΙΙ
