2418 4048
1089 319 1149 366 51

173 533 176 537 .
210 472 360 521 tuum
397 466 720 520 mutationes
757 466 832 520 ibi
867 467 1018 520 nullo
1058 467 1228 520 uerbo
1269 473 1581 537 tanguntur.
1636 483 1797 538 quem
1835 468 2042 519 fontem

210 558 273 611 in,
303 558 777 628 grammaticorum
812 558 981 625 libris,
1021 558 1111 627 qui
1148 557 1289 610 hanc
1324 576 1439 610 rem
1483 565 1574 608 aut
1627 556 1946 610 brevissime
1983 563 2043 608 ut

210 647 436 704 Seruius
479 648 564 714 §5
601 648 899 721 expediunt
947 655 1039 701 aut
1073 647 1292 700 omnino
1333 647 1790 719 praetermittunt,
1843 648 2042 700 frustra

211 737 590 808 quaesiuimuS.
666 757 786 791 cum
832 738 1003 808 igitur
1048 738 1115 790 de
1165 737 1419 791 conmuni
1467 737 1634 804 fonte,
1681 754 1710 789 e
1757 755 1862 807 quo
1914 735 2043 790 Ser-

207 830 330 885 uius
366 829 523 902 plura
554 847 723 900 pauca
760 829 1077 883 Victorinus
1118 837 1389 883 mutuatus
1423 830 1510 899 sit,
1547 828 1775 899 cogitari
1803 834 2040 898 nequeat

211 922 481 991 Seruique
519 921 765 975 libellum
800 922 866 974 ab
905 929 1228 993 excerptore
1268 921 1500 995 quodam
1522 920 1889 991 neglegentur
1920 938 2041 973 con-

210 1012 439 1085 pilatum
474 1029 592 1065 esse
628 1019 847 1082 praeter
886 1029 949 1064 ea
992 1030 1130 1082 quae
1169 1012 1396 1084 exposui
1448 1012 1678 1065 doceant
1725 1013 1894 1064 uerba
1949 1011 2040 1063 ab·

211 1110 369 1175 rupta
402 1101 730 1174 paragraphi
782 1109 965 1155 sextae
1005 1103 1292 1172 statimque
1340 1102 1583 1156 additum
1628 1102 1833 1155 dictum
1871 1101 2039 1170 Quin-

210 1193 464 1262 tiliani¹)‚
520 1193 660 1264 quod
713 1192 816 1245 hoc
867 1194 988 1246 loco
1038 1212 1214 1264 neque
1248 1194 1499 1264 intellegi
1536 1212 1637 1246 nec
1674 1193 1808 1246 ferri
1841 1200 2038 1265 potest,

211 1285 435 1339 alteram
472 1283 793 1355 particulam
816 1282 1071 1338 Seruium
1106 1283 1435 1337 eVictorino
1480 1284 1776 1356 sumpsisse
1817 1284 2044 1336 alteram

209 1392 241 1427 e
275 1374 540 1446 scriptore
573 1394 719 1427 nunc
751 1374 1036 1446 deperdito
1069 1374 1408 1427 transtulisse
1443 1392 1656 1427 censeo,
1697 1381 1891 1428 neutra
1909 1392 2042 1426 uero

210 1483 279 1519 ex
313 1465 774 1533 Varronefluxit,
820 1465 863 1518 si
902 1484 963 1518 ea
1000 1465 1280 1535 sequimur
1321 1483 1458 1537 quae
1500 1466 1663 1520 certis
1705 1464 2043 1536 argumentis

208 1557 426 1628 probari
478 1566 718 1629 possunt.
791 1557 877 1610 his
928 1556 1097 1627 igitur
1135 1557 1414 1629 particulis
1454 1557 1673 1610 reiectis
1709 1557 1776 1610 ad
1814 1557 2042 1609 alteram

209 1654 422 1718 partem
475 1666 675 1720 magna
733 1647 1040 1701 eruditione
1095 1649 1369 1720 insignem
1429 1649 1481 1717 (ξ
1524 1648 1752 1718 17--30)
1804 1656 2042 1717 transe0‚

209 1755 369 1808 quam
411 1747 627 1810 praeter
663 1739 871 1808 aliquot
906 1737 1067 1793 Serui
1105 1740 1474 1793 additamenta
1511 1747 1682 1793 totam
1721 1758 1751 1793 e
1787 1740 2038 1792 Varrone

207 1828 453 1884 haustam
475 1849 592 1883 esse
613 1830 841 1886 Seruius
862 1830 980 1902 ipse
1022 1831 1147 1885 satis
1186 1831 1470 1884 manifeste
1503 1831 1762 1900 declarat,
1803 1830 1895 1901 qui
1927 1830 2042 1882 eius

208 1920 488 1992 egregiam
525 1920 716 1974 harum
751 1939 967 1993 quoque
1008 1940 1192 1974 rerum
1234 1921 1482 1993 peritiam
1532 1922 1745 1992 magnis
1785 1920 2037 1974 laudibus

209 2009 369 2066 effert
405 2028 635 2080 eumque
675 2010 924 2082 plurimis
966 2014 1019 2065 et
1056 2012 1370 2066 clarissimis
1399 2012 1708 2066 auctoribus
1730 2030 1887 2064 usum
1920 2028 2038 2064 esse

208 2099 470 2155 adfirmat.
503 2108 791 2170 utrumque
826 2101 893 2154 ad
929 2102 1163 2155 mediam
1201 2102 1421 2174 quidem
1462 2103 1774 2176 prosodiam
1813 2109 2040 2174 spectat,

167 2240 171 2252 ,
210 2189 308 2244 sed
346 2190 557 2260 reliqua
587 2193 655 2246 ab
695 2191 890 2245 eodem
943 2211 1062 2245 esse
1099 2200 1320 2263 accepta
1374 2200 1428 2245 et
1465 2212 1552 2246 res
1592 2193 1862 2246 artissime
1898 2193 2042 2246 inter

210 2299 271 2336 se
302 2282 628 2336 coniunctae
655 2290 709 2335 et
726 2282 992 2336 Varronis
1031 2282 1298 2336 sententia
1338 2283 1405 2337 de
1441 2284 1587 2338 flexa
1628 2284 1885 2357 prosodia
1922 2287 1954 2351 ἓ
1975 2284 2043 2337 22

210 2372 419 2443 prolata
453 2372 985 2447 reconditiorumque
1026 2382 1309 2428 auctorum
1348 2374 1594 2428 doctrina
1615 2376 1682 2429 de
1707 2375 1897 2428 eadem
1918 2394 2042 2446 pro-

212 2462 363 2516 sodia
402 2481 431 2516 e
467 2463 731 2535 scriptore
771 2465 1004 2534 quodam
1045 2465 1356 2518 doctissimo
1397 2467 1588 2520 hausta
1641 2475 1693 2520 et
1733 2466 2043 2521 testimonia

211 2553 418 2627 aliquot
470 2572 540 2608 ex
585 2555 703 2608 aliis
755 2555 1107 2629 scriptoribus
1148 2557 1445 2630 repetenda
1482 2557 1695 2612 docent.
1766 2557 2039 2630 incipiunt

377 2761 422 2816 1)
459 2760 590 2806 Serui
616 2761 762 2806 uerba
791 2776 834 2818 p.
858 2761 946 2806 526
978 2766 1002 2815 ξ
1026 2762 1052 2806 6
1088 2765 1194 2806 sunt
1224 2762 1360 2807 haec:
1411 2763 1512 2807 ‘Est
1547 2767 1702 2807 autem
1735 2763 1884 2807 forma
1915 2762 2043 2807 acuti

209 2845 428 2887 accentus
462 2873 471 2883 .
502 2875 512 2886 .
546 2875 557 2886 .
593 2877 602 2885 .
634 2843 828 2887 uerbum
858 2842 934 2887 hic
963 2857 1056 2886 non
1087 2843 1137 2886 id
1168 2843 1537 2901 intellegendum
1570 2844 1644 2888 cui
1674 2844 1862 2902 proprie
1890 2859 2042 2901 gram-

209 2922 368 2969 matici
401 2926 583 2980 tempus
615 2938 719 2967 cum
761 2937 962 2979 persona
992 2924 1155 2968 dicunt
1188 2925 1400 2970 accidere
1432 2925 1515 2968 sed
1548 2925 1872 2982 accipiendum
1902 2940 2039 2982 gene-

209 3001 371 3046 raliter
403 3015 489 3059 pro
521 3002 727 3058 qualibet-
756 3006 892 3059 parte
923 3003 1148 3047 sermonis
1178 3005 1231 3046 ut
1264 3006 1334 3047 est
1367 3018 1394 3046 a
1423 3004 1631 3062 Vergilio
1665 3003 1908 3058 <Aen.V111
1933 3003 2037 3059 404)

211 3081 388 3129 dietum
437 3100 489 3129 ea
525 3085 675 3127 ‘uerba
716 3086 891 3127 locutus
936 3088 984 3128 et
1024 3085 1159 3130 nobis
1190 3100 1291 3130 mos
1342 3089 1414 3130 est
1457 3086 1613 3131 dicere
1667 3089 1806 3130 uerba
1847 3088 2043 3141 aliquem

211 3164 390 3217 secisse,
432 3175 536 3207 cum
582 3175 764 3206 omnem
800 3163 1060 3207 orationem
1100 3165 1312 3209 uolumus
1354 3164 1597 3222 intellegi'.
1659 3165 1936 3221 quibuscum
1982 3163 2038 3207 cf.

209 3238 368 3295 Quint.
399 3239 506 3285 inst.
544 3246 660 3287 orat.
692 3240 714 3284 Ι
736 3242 781 3299 5,
806 3241 856 3286 2:
901 3244 1058 3288 ‘uerba
1098 3259 1221 3288 nunc
1260 3245 1546 3302 generaliter
1587 3244 1735 3301 accipi
1775 3244 1898 3296 uolo,
1932 3256 2040 3285 nam

212 3323 382 3381 duplex
408 3339 577 3382 ¹eorum
608 3325 873 3370 intellectus
906 3328 991 3379 est,
1025 3325 1144 3368 alter
1176 3325 1254 3380 qui
1283 3326 1436 3369 omnia
1458 3340 1542 3382 per
1572 3339 1688 3380 quae
1716 3337 1867 3367 sermo
1897 3322 2042 3366 necti-

212 3406 291 3459 tur
321 3403 565 3461 Significat,
598 3409 651 3450 ut
680 3406 804 3462 apud
833 3405 1079 3450 Horatium
1109 3408 1214 3460 (art.
1255 3412 1376 3463 poet.
1405 3406 1508 3463 311)
1547 3410 1767 3462 uerbaque
1808 3408 2039 3461 prouisam

209 3501 308 3528 um
352 3501 439 3529 non
471 3490 624 3531 inuisa
656 3498 910 3544 sequentur,
947 3486 1066 3530 alter
1094 3486 1144 3530 in
1176 3501 1265 3543 quo
1298 3491 1371 3533 est
1401 3501 1493 3531 una
1533 3500 1640 3543 pars
1673 3484 1895 3528 orationis
1944 3486 2040 3543 leqo

218 3562 393 3609 scribo'.
