2236 4030
1155 343 1216 388 12

281 507 575 561 eorumque
624 492 855 561 primum
909 499 1117 545 rectum
1170 492 1349 564 posuit
1408 490 1573 558 (VIII
1604 490 1638 542 4
1685 509 1736 561 p.
1770 491 1872 544 393
1931 492 1995 544 cf.
2037 493 2102 546 R.

281 579 528 636 Schmidt
564 580 659 633 1.s.
681 579 845 651 p.58)
883 589 935 634 et
976 582 1042 634 ab
1081 582 1288 635 eisdem
1326 588 1632 652 temporum
1668 582 1823 635 uerbi
1862 582 2102 654 descrip-

277 670 481 723 tio-nem
502 670 701 741 (VIIII
721 672 785 724 97
807 690 860 743 p.
886 673 988 725 529
1007 674 1110 744 sq.)
1136 679 1404 725 mutuatus
1435 680 1514 724 est
1540 672 1628 739 (cf.
1651 672 1838 728 Herm.
1855 673 2106 730 Schmidt

282 761 448 813 doctr.
487 768 650 832 temp.
688 762 843 814 uerbi
881 781 961 833 gr.
1003 771 1055 815 et
1091 763 1182 814 lat.
1214 763 1242 815 I
1265 782 1314 834 p.
1341 761 1428 815 14.·
1457 762 1520 815 R.
1544 762 1794 817 Schmidt
1813 764 1848 817 l.
1869 764 2102 835 l.p.¹68-).

280 851 376 904 sed
413 869 515 904 nec
554 852 678 904 talia
715 870 890 922 neque
942 855 1176 923 uestigia
1218 853 1482 922 quaedam
1525 853 1745 906 intimae
1791 855 2104 909 dialecticae

280 943 479 995 stoicae
512 942 600 1007 (cf.
627 942 803 996 V156
839 962 890 1014 p.
924 944 1026 996 232
1067 944 1132 996 cl.
1175 943 1362 995 Prantl
1396 944 1431 995 l.
1468 963 1506 996 s.
1548 961 1599 1014 p.
1632 944 1751 997 438.
1785 945 1902 998 519.
1942 942 1997 997 X
2022 945 2104 998 »59

278 1053 328 1104 p.
350 1033 467 1085 578.
522 1031 582 1083 L.
619 1032 689 1085 D.
712 1032 935 1100 V1153)
973 1040 1034 1086 ut
1079 1041 1229 1086 recte
1254 1034 1341 1086 ‘de
1378 1033 1529 1087 libris
1568 1033 1765 1086 nostris
1797 1033 2102 1089 iudicemus

280 1124 567 1177 sufficiunt.
606 1143 730 1176 nam
769 1125 925 1177 stoici
959 1125 1016 1178 in
1053 1125 1234 1178 multis
1271 1127 1431 1178 rebus
1458 1125 1824 1196 grammaticis
1851 1134 2101 1179 auctores

280 1223 447 1283 eran-t,
487 1233 712 1284 quorum
752 1215 972 1267 inuenta
1012 1234 1197 1268 omnes
1220 1215 1555 1286 grammatici
1574 1217 1869 1286 probarent
1896 1223 1949 1268 et
1967 1216 2104 1268 Var-

278 1321 470 1356 ronem
505 1303 562 1355 in
599 1302 682 1355 his
719 1304 882 1356 rebus
917 1303 973 1355 in
1010 1304 1326 1357 uniuersum
1362 1322 1548 1356 eorum
1573 1304 1878 1377 praeceptis
1904 1307 2107 1359 obtem-

279 1410 501 1464 perasse
540 1413 701 1465 supra
737 1392 992 1446 uidimus,

443 1484 726 1537 Rationem
767 1492 819 1535 et
859 1483 1228 1536 consilium
1269 1483 1431 1537 totius
1479 1484 1712 1554 operis
1763 1482 2106 1556 perpenden-

278 1575 422 1628 tibus
458 1576 674 1646 longius
707 1574 862 1626 nobis
903 1573 1369 1644 progrediendum
1405 1583 1501 1627 est.
1539 1574 1684 1643 quod
1719 1575 1786 1627 ad
1819 1593 2105 1645 argumen-

280 1673 394 1718 tum
441 1666 647 1734 attinet,
698 1683 785 1716 eas
829 1664 1167 1734 quaestiones
1221 1665 1530 1723 tractandas
1571 1665 1641 1718 Μ.
1680 1665 1966 1718 Terentius
2007 1665 2111 1718 sibi

282 1755 524 1828 sumpsit,
565 1773 700 1822 quae
742 1754 808 1806 ad
845 1754 1129 1807 interiores
1168 1755 1389 1825 linguae
1428 1757 1582 1826 leges
1621 1763 1867 1826 spectant
1903 1763 2108 1826 etymo—

282 1847 487 1919 logiam
529 1846 940 1914 declinationeS,
981 1863 1085 1914 quo
1130 1846 1393 1898 uocabulo
1436 1853 1488 1898 et
1529 1845 1948 1899 declinationem
1983 1864 2106 1917 pro-

282 1937 399 2011 prie
439 1937 635 1989 dictam
672 1943 726 1988 et
762 1935 1201 2006 coniugationem
1241 1943 1294 1987 et
1331 1930 1720 1989 uocabulorum
1745 1934 2108 1988 deriuationes

285 2027 697 2101 conprehendit,
748 2025 1208 2079 constructionem
1258 2044 1454 2098 easque
1492 2027 1565 2078 ita
1600 2027 1878 2098 explicare
1914 2027 2106 2095 uoluit,

280 2129 338 2173 ut
379 2128 431 2172 et
463 2119 729 2191 principia
772 2117 1049 2187 generalia
1088 2116 1381 2188 diligenter
1420 2118 1754 2170 examinaret
1799 2125 1853 2170 et
1895 2117 2111 2190 singula

284 2210 581 2263 secundum
609 2227 688 2277 ea,
713 2226 849 2279 quae
888 2225 1019 2259 uera
1058 2224 1176 2260 esse
1212 2207 1313 2260 sibi
1347 2207 1719 2278 persuasisset,
1756 2223 2111 2279 persequere-

282 2309 384 2354 tur.
434 2320 592 2372 quem
642 2301 701 2352 in
754 2300 918 2352 finem
973 2299 1214 2369 singulas
1264 2299 1506 2353 hexadcs
1555 2300 1612 2351 in
1661 2299 1860 2353 triades
1907 2299 2110 2366 diuisit,

285 2412 511 2463 quarum
558 2394 731 2465 prima
780 2392 934 2462 leges
989 2391 1292 2462 generales,
1343 2391 1510 2443 altera
1558 2391 1767 2463 copiam
1817 2392 2112 2444 uerborum

282 2490 647 2557 percenseret,
691 2480 835 2554 quod
874 2499 1195 2552 quamquam
1234 2481 1301 2534 de
1341 2481 1610 2553 prioribus
1658 2488 1866 2534 tantum
1905 2486 2110 2533 constat

283 2574 467 2629 nescio
508 2594 575 2626 an
617 2572 684 2624 de
722 2571 968 2625 omnibus
1008 2571 1292 2643 probabile
1330 2572 1413 2624 sit.
1443 2571 1546 2624 hoc
1575 2571 1856 2626 consilium
1885 2570 2111 2643 adparet

283 2685 395 2718 non
434 2664 609 2717 minus
647 2664 713 2716 ad
750 2663 1103 2735 philosophos
1145 2681 1306 2731 quam
1333 2662 1400 2715 ad
1427 2664 1808 2733 grammaticos
1831 2662 2124 2735 pertinere

284 2753 711 2826 scriptoremque
747 2740 1028 2822 utriusque
1064 2753 1229 2824 partis
1271 2753 1659 2823 disputationes
1692 2771 1846 2806 suum
1868 2753 1926 2806 in
1949 2771 2111 2806 usum

283 3022 410 3075 ferri,
446 3020 570 3076 quod
604 3019 762 3063 eiectis
794 3018 949 3063 uerbis
984 3037 1011 3062 a
1046 3036 1127 3075 quo
1162 3030 1344 3062 uocetur
1376 3029 1423 3062 ut
1462 3021 1513 3062 ab
1537 3021 1726 3061 Hercule
1757 3017 1924 3061 tollere
1951 3018 2108 3061 uolue-

286 3106 410 3157 runt,
443 3101 524 3144 sed
555 3100 668 3144 haec
701 3100 855 3143 omnia
887 3099 1160 3155 expellenda
1191 3103 1311 3142 sunt.
1364 3099 1562 3155 primum
1607 3098 1727 3141 enim
1776 3097 1888 3143 haec
1927 3110 2113 3142 casuum

287 3180 536 3238 explicatio
569 3180 694 3223 nulla
723 3179 904 3247 ratione
937 3193 1039 3222 cum
1071 3179 1218 3221 altera
1250 3195 1345 3220 cum
1380 3187 1578 3231 uocaret,
1614 3195 1709 3221 cum
1738 3181 1880 3232 daret,
1902 3195 1998 3221 cum
2030 3195 2109 3221 ac-

288 3271 467 3306 cusaret
499 3261 745 3305 coniuncta
781 3263 829 3302 et
862 3274 888 3302 a
917 3260 1122 3303 Varrone
1155 3259 1302 3302 aliena
1335 3261 1382 3302 et
1410 3272 1494 3315 per
1525 3272 1571 3300 se
1601 3258 1800 3302 absurda
1831 3260 1915 3313 est,
1946 3257 2113 3301 deinde

285 3342 374 3386 hoc
410 3342 511 3386 loco
541 3354 634 3384 non
667 3341 723 3385 de
756 3354 809 3384 eo
843 3339 923 3395 qui
961 3350 1143 3382 uocetur
1185 3338 1261 3395 agi
1307 3337 1482 3392 debuit,
1530 3337 1611 3380 sed
1652 3337 1710 3380 de
1755 3352 1808 3381 eo
1855 3337 1934 3393 qui
1974 3348 2109 3390 vocet,

287 3425 480 3479 propter
512 3421 639 3466 cuius
672 3423 884 3464 naturam
917 3433 1046 3462 casus
1079 3417 1298 3468 declinati
1330 3420 1450 3472 sunt,
1482 3416 1678 3472 denique
1709 3416 1880 3472 duplex
1906 3416 2019 3460 haec
2038 3429 2110 3460 ca-

289 3516 419 3547 suum
451 3501 735 3546 enumeratio
768 3501 825 3544 ab
845 3498 1054 3543 hocloco
1075 3512 1164 3554 quo
1183 3498 1456 3542 breuissime
1476 3510 1698 3541 summam
1715 3510 1871 3540 rerum
1887 3495 2110 3553 perstrin-

289 3584 359 3640 git
389 3583 619 3627 abhorret.
