<?xml version="1.0" encoding="UTF-8"?>
<!DOCTYPE html PUBLIC "-//W3C//DTD XHTML 1.0 Transitional//EN"
    "http://www.w3.org/TR/xhtml1/DTD/xhtml1-transitional.dtd">
<html xmlns="http://www.w3.org/1999/xhtml" xml:lang="en" lang="en">
 <head>
  <title>
</title>
<meta http-equiv="Content-Type" content="text/html;charset=utf-8" />
  <meta name='ocr-system' content='tesseract 3.04.00' />
  <meta name='ocr-capabilities' content='ocr_page ocr_carea ocr_par ocr_line ocrx_word'/>
</head>
<body>
  <div class='ocr_page' id='page_1' title='image "./demterentivarron00wilmuoft_0097.png"; bbox 0 0 2366 4048; ppageno 0'>
   <div class='ocr_carea' id='block_1_1' title="bbox 966 354 1031 401">
    <p class='ocr_par' dir='ltr' id='par_1_1' title="bbox 966 354 1031 401">
     <span class='ocr_line' id='line_1_1' title="bbox 966 354 1031 401; baseline 0.015 -1"><span class='ocrx_word' id='word_1_1' title='bbox 966 354 1031 401; x_wconf 83' lang='lat'>85</span> 
     </span>
    </p>
   </div>
   <div class='ocr_carea' id='block_1_2' title="bbox 32 494 1909 3394">
    <p class='ocr_par' dir='ltr' id='par_1_2' title="bbox 72 494 1906 661">
     <span class='ocr_line' id='line_1_2' title="bbox 72 494 1906 571; baseline 0.001 -21"><span class='ocrx_word' id='word_1_2' title='bbox 72 494 284 564; x_wconf 74' lang='lat' dir='ltr'>titubet,</span> <span class='ocrx_word' id='word_1_3' title='bbox 319 504 379 549; x_wconf 89' lang='lat' dir='ltr'>ut</span> <span class='ocrx_word' id='word_1_4' title='bbox 413 497 469 550; x_wconf 90' lang='lat' dir='ltr'>in</span> <span class='ocrx_word' id='word_1_5' title='bbox 505 506 785 552; x_wconf 78' lang='lat' dir='ltr'><strong><em>accusatore</em></strong></span> <span class='ocrx_word' id='word_1_6' title='bbox 826 505 1124 566; x_wconf 55' lang='lat' dir='ltr'>comisatores,</span> <span class='ocrx_word' id='word_1_7' title='bbox 1159 499 1253 551; x_wconf 82' lang='lat' dir='ltr'>ubi</span> <span class='ocrx_word' id='word_1_8' title='bbox 1297 500 1573 568; x_wconf 84' lang='lat' dir='ltr'>quaeritur</span> <span class='ocrx_word' id='word_1_9' title='bbox 1615 500 1906 571; x_wconf 82' lang='lat' dir='ltr'>geminatis</span> 
     </span>
     <span class='ocr_line' id='line_1_3' title="bbox 74 587 1904 661; baseline 0.001 -21"><span class='ocrx_word' id='word_1_10' title='bbox 74 587 496 641; x_wconf 69' lang='lat' dir='ltr'>consonantibus</span> <span class='ocrx_word' id='word_1_11' title='bbox 540 607 607 640; x_wconf 85' lang='lat' dir='ltr'>an</span> <span class='ocrx_word' id='word_1_12' title='bbox 655 588 993 661; x_wconf 83' lang='lat' dir='ltr'>simplicibus</span> <span class='ocrx_word' id='word_1_13' title='bbox 1029 589 1382 643; x_wconf 71' lang='lat' dir='ltr'>scribendam</span> <span class='ocrx_word' id='word_1_14' title='bbox 1420 599 1474 642; x_wconf 91' lang='lat' dir='ltr'>et</span> <span class='ocrx_word' id='word_1_15' title='bbox 1511 590 1904 644; x_wconf 88' lang='lat' dir='ltr'>enuntiandum</span> 
     </span>
    </p>

    <p class='ocr_par' dir='ltr' id='par_1_3' title="bbox 32 678 1909 3394">
     <span class='ocr_line' id='line_1_4' title="bbox 208 678 1908 749; baseline 0.001 -17"><span class='ocrx_word' id='word_1_16' title='bbox 208 721 219 732; x_wconf 91' lang='lat'>.</span> <span class='ocrx_word' id='word_1_17' title='bbox 271 698 374 733; x_wconf 90' lang='lat' dir='ltr'>nec</span> <span class='ocrx_word' id='word_1_18' title='bbox 417 699 526 733; x_wconf 92' lang='lat' dir='ltr'>non</span> <span class='ocrx_word' id='word_1_19' title='bbox 567 689 621 734; x_wconf 92' lang='lat' dir='ltr'>et</span> <span class='ocrx_word' id='word_1_20' title='bbox 655 681 731 733; x_wconf 88' lang='lat' dir='ltr'>ibi</span> <span class='ocrx_word' id='word_1_21' title='bbox 782 678 1069 746; x_wconf 70' lang='grc' dir='ltr'><em>ὅρθοὲπεια</em></span> <span class='ocrx_word' id='word_1_22' title='bbox 1112 678 1455 749; x_wconf 66' lang='grc' dir='ltr'><em>ὄρθογραφίᾳ</em></span> <span class='ocrx_word' id='word_1_23' title='bbox 1498 680 1787 734; x_wconf 86' lang='lat' dir='ltr'>coniuncta</span> <span class='ocrx_word' id='word_1_24' title='bbox 1825 688 1908 733; x_wconf 88' lang='lat' dir='ltr'>est</span> 
     </span>
     <span class='ocr_line' id='line_1_5' title="bbox 70 767 1906 842; baseline 0.001 -20"><span class='ocrx_word' id='word_1_25' title='bbox 70 767 165 823; x_wconf 82' lang='lat' dir='ltr'>ubi</span> <span class='ocrx_word' id='word_1_26' title='bbox 201 770 479 840; x_wconf 84' lang='lat' dir='ltr'>quaeritur</span> <span class='ocrx_word' id='word_1_27' title='bbox 513 777 730 835; x_wconf 75' lang='lat' dir='ltr'>foenoris</span> <span class='ocrx_word' id='word_1_28' title='bbox 765 791 834 823; x_wconf 81' lang='lat' dir='ltr'>an</span> <span class='ocrx_word' id='word_1_29' title='bbox 868 772 1134 840; x_wconf 64' lang='lat' dir='ltr'>foeneris-¹)</span> <span class='ocrx_word' id='word_1_30' title='bbox 1181 770 1374 840; x_wconf 80' lang='lat' dir='ltr'>dicant,</span> <span class='ocrx_word' id='word_1_31' title='bbox 1416 771 1666 842; x_wconf 84' lang='lat' dir='ltr'>quoniam</span> <span class='ocrx_word' id='word_1_32' title='bbox 1704 790 1906 824; x_wconf 89' lang='lat' dir='ltr'>nomen</span> 
     </span>
     <span class='ocr_line' id='line_1_6' title="bbox 69 859 1906 931; baseline 0.001 -17"><span class='ocrx_word' id='word_1_33' title='bbox 69 859 197 914; x_wconf 84' lang='lat' dir='ltr'>inde</span> <span class='ocrx_word' id='word_1_34' title='bbox 234 867 465 914; x_wconf 82' lang='lat' dir='ltr'>tractum</span> <span class='ocrx_word' id='word_1_35' title='bbox 501 861 730 916; x_wconf 84' lang='lat' dir='ltr'>dicimus</span> <span class='ocrx_word' id='word_1_36' title='bbox 765 869 1134 927; x_wconf 77' lang='lat' dir='ltr'>foeneratorem,</span> <span class='ocrx_word' id='word_1_37' title='bbox 1170 862 1299 914; x_wconf 86' lang='lat' dir='ltr'>item</span> <span class='ocrx_word' id='word_1_38' title='bbox 1316 868 1555 926; x_wconf 72' lang='lat' dir='ltr'>facinoris</span> <span class='ocrx_word' id='word_1_39' title='bbox 1579 881 1645 915; x_wconf 85' lang='lat' dir='ltr'>an</span> <span class='ocrx_word' id='word_1_40' title='bbox 1669 862 1803 931; x_wconf 88' lang='lat' dir='ltr'>(non</span> <span class='ocrx_word' id='word_1_41' title='bbox 1820 863 1906 931; x_wconf 87' lang='lat' dir='ltr'>P.)</span> 
     </span>
     <span class='ocr_line' id='line_1_7' title="bbox 67 953 1907 1022; baseline 0 -16"><span class='ocrx_word' id='word_1_42' title='bbox 67 957 318 1017; x_wconf 63' lang='lat' dir='ltr'>facin-em,</span> <span class='ocrx_word' id='word_1_43' title='bbox 371 953 625 1022; x_wconf 87' lang='lat' dir='ltr'>quoniam</span> <span class='ocrx_word' id='word_1_44' title='bbox 659 959 985 1018; x_wconf 66' lang='lat' dir='ltr'>facinorosum</span> <span class='ocrx_word' id='word_1_45' title='bbox 1021 967 1291 1006; x_wconf 82' lang='lat' dir='ltr'>uocamuS.</span> <span class='ocrx_word' id='word_1_46' title='bbox 1371 953 1449 1005; x_wconf 87' lang='lat' dir='ltr'>sic</span> <span class='ocrx_word' id='word_1_47' title='bbox 1499 953 1665 1006; x_wconf 85' lang='lat' dir='ltr'>etiam</span> <span class='ocrx_word' id='word_1_48' title='bbox 1718 959 1907 1008; x_wconf 71' lang='lat' dir='ltr'>delirus</span> 
     </span>
     <span class='ocr_line' id='line_1_8' title="bbox 70 1043 1900 1114; baseline 0 -18"><span class='ocrx_word' id='word_1_49' title='bbox 70 1043 253 1114; x_wconf 77' lang='lat' dir='ltr'>placet</span> <span class='ocrx_word' id='word_1_50' title='bbox 285 1043 571 1098; x_wconf 88' lang='lat' dir='ltr'>Varroni</span> <span class='ocrx_word' id='word_1_51' title='bbox 611 1064 722 1097; x_wconf 93' lang='lat' dir='ltr'>non</span> <span class='ocrx_word' id='word_1_52' title='bbox 762 1051 967 1099; x_wconf 78' lang='lat' dir='ltr'>delerus.</span> <span class='ocrx_word' id='word_1_53' title='bbox 1034 1063 1142 1097; x_wconf 88' lang='lat' dir='ltr'>non</span> <span class='ocrx_word' id='word_1_54' title='bbox 1184 1043 1328 1097; x_wconf 89' lang='lat' dir='ltr'>enim</span> <span class='ocrx_word' id='word_1_55' title='bbox 1360 1052 1420 1096; x_wconf 91' lang='lat' dir='ltr'>ut</span> <span class='ocrx_word' id='word_1_56' title='bbox 1457 1043 1675 1114; x_wconf 86' lang='lat' dir='ltr'>quidam</span> <span class='ocrx_word' id='word_1_57' title='bbox 1715 1044 1900 1096; x_wconf 83' lang='lat' dir='ltr'>existi-</span> 
     </span>
     <span class='ocr_line' id='line_1_9' title="bbox 70 1131 1903 1205; baseline 0 -16"><span class='ocrx_word' id='word_1_58' title='bbox 70 1140 237 1204; x_wconf 80' lang='lat' dir='ltr'>mant,</span> <span class='ocrx_word' id='word_1_59' title='bbox 275 1155 305 1188; x_wconf 86' lang='lat' dir='ltr'>a</span> <span class='ocrx_word' id='word_1_60' title='bbox 341 1153 540 1205; x_wconf 83' lang='lat' dir='ltr'>graeco</span> <span class='ocrx_word' id='word_1_61' title='bbox 577 1143 749 1189; x_wconf 86' lang='lat' dir='ltr'>tracta</span> <span class='ocrx_word' id='word_1_62' title='bbox 785 1155 896 1188; x_wconf 84' lang='lat' dir='ltr'>uox</span> <span class='ocrx_word' id='word_1_63' title='bbox 934 1145 1014 1189; x_wconf 87' lang='lat' dir='ltr'>est</span> <span class='ocrx_word' id='word_1_64' title='bbox 1054 1134 1201 1199; x_wconf 73' lang='grc' dir='ltr'>παρὰ</span> <span class='ocrx_word' id='word_1_65' title='bbox 1238 1131 1294 1184; x_wconf 84' lang='grc' dir='ltr'>τὸ</span> <span class='ocrx_word' id='word_1_66' title='bbox 1333 1138 1526 1204; x_wconf 75' lang='grc' dir='ltr'><em>ληρεῖν,</em></span> <span class='ocrx_word' id='word_1_67' title='bbox 1578 1136 1675 1189; x_wconf 89' lang='lat' dir='ltr'>sed</span> <span class='ocrx_word' id='word_1_68' title='bbox 1713 1143 1794 1189; x_wconf 88' lang='lat' dir='ltr'>est</span> <span class='ocrx_word' id='word_1_69' title='bbox 1826 1136 1903 1191; x_wconf 84' lang='lat' dir='ltr'>la-</span> 
     </span>
     <span class='ocr_line' id='line_1_10' title="bbox 69 1223 1905 1291; baseline 0.002 -14"><span class='ocrx_word' id='word_1_70' title='bbox 69 1223 201 1278; x_wconf 66' lang='lat' dir='ltr'>tina</span> <span class='ocrx_word' id='word_1_71' title='bbox 233 1245 264 1278; x_wconf 83' lang='lat' dir='ltr'>a</span> <span class='ocrx_word' id='word_1_72' title='bbox 312 1231 411 1280; x_wconf 78' lang='lat' dir='ltr'>lira</span> <span class='ocrx_word' id='word_1_73' title='bbox 457 1226 515 1279; x_wconf 91' lang='lat' dir='ltr'>id</span> <span class='ocrx_word' id='word_1_74' title='bbox 565 1234 647 1279; x_wconf 87' lang='lat' dir='ltr'>est</span> <span class='ocrx_word' id='word_1_75' title='bbox 698 1227 850 1280; x_wconf 89' lang='lat' dir='ltr'>sulco</span> <span class='ocrx_word' id='word_1_76' title='bbox 905 1228 958 1291; x_wconf 81' lang='lat' dir='ltr'>(a</span> <span class='ocrx_word' id='word_1_77' title='bbox 1006 1226 1108 1279; x_wconf 85' lang='lat' dir='ltr'>lira</span> <span class='ocrx_word' id='word_1_78' title='bbox 1159 1225 1217 1278; x_wconf 90' lang='lat' dir='ltr'>id</span> <span class='ocrx_word' id='word_1_79' title='bbox 1255 1233 1335 1278; x_wconf 85' lang='lat' dir='ltr'>est</span> <span class='ocrx_word' id='word_1_80' title='bbox 1366 1233 1575 1280; x_wconf 73' lang='lat' dir='ltr'>inseruit</span> <span class='ocrx_word' id='word_1_81' title='bbox 1608 1232 1905 1281; x_wconf 74' lang='lat' dir='ltr'>Bitschelius</span> 
     </span>
     <span class='ocr_line' id='line_1_11' title="bbox 69 1318 1904 1386; baseline 0 -16"><span class='ocrx_word' id='word_1_82' title='bbox 69 1325 254 1382; x_wconf 75' lang='lat' dir='ltr'>quaest.</span> <span class='ocrx_word' id='word_1_83' title='bbox 275 1321 626 1385; x_wconf 75' lang='lat' dir='ltr'>Varr..1).-29)</span> <span class='ocrx_word' id='word_1_84' title='bbox 653 1360 663 1371; x_wconf 91' lang='lat'>.</span> <span class='ocrx_word' id='word_1_85' title='bbox 688 1361 697 1371; x_wconf 95' lang='lat'>.</span> <span class='ocrx_word' id='word_1_86' title='bbox 721 1359 733 1371; x_wconf 95' lang='lat'>.</span> <span class='ocrx_word' id='word_1_87' title='bbox 756 1360 768 1371; x_wconf 91' lang='lat'>.</span> <span class='ocrx_word' id='word_1_88' title='bbox 788 1318 915 1370; x_wconf 91' lang='lat' dir='ltr'>hinc</span> <span class='ocrx_word' id='word_1_89' title='bbox 954 1324 1246 1371; x_wconf 85' lang='lat' dir='ltr'>nascuntur</span> <span class='ocrx_word' id='word_1_90' title='bbox 1280 1320 1596 1383; x_wconf 89' lang='lat' dir='ltr'>(noscuntur</span> <span class='ocrx_word' id='word_1_91' title='bbox 1615 1318 1700 1386; x_wconf 83' lang='lat' dir='ltr'>P.)</span> <span class='ocrx_word' id='word_1_92' title='bbox 1741 1318 1904 1370; x_wconf 86' lang='lat' dir='ltr'>etiam</span> 
     </span>
     <span class='ocr_line' id='line_1_12' title="bbox 70 1406 1904 1480; baseline 0.001 -21"><span class='ocrx_word' id='word_1_93' title='bbox 70 1406 418 1476; x_wconf 69' lang='lat' dir='ltr'>quaestiones</span> <span class='ocrx_word' id='word_1_94' title='bbox 453 1407 748 1478; x_wconf 83' lang='lat' dir='ltr'>interdum,</span> <span class='ocrx_word' id='word_1_95' title='bbox 799 1409 992 1480; x_wconf 90' lang='lat' dir='ltr'>quibus</span> <span class='ocrx_word' id='word_1_96' title='bbox 1030 1426 1174 1461; x_wconf 87' lang='lat' dir='ltr'>noua</span> <span class='ocrx_word' id='word_1_97' title='bbox 1213 1427 1243 1459; x_wconf 85' lang='lat' dir='ltr'>a</span> <span class='ocrx_word' id='word_1_98' title='bbox 1278 1406 1557 1459; x_wconf 90' lang='lat' dir='ltr'>ueteribus</span> <span class='ocrx_word' id='word_1_99' title='bbox 1595 1407 1904 1461; x_wconf 83' lang='lat' dir='ltr'>discernan-</span> 
     </span>
     <span class='ocr_line' id='line_1_13' title="bbox 69 1496 1909 1568; baseline -0.001 -17"><span class='ocrx_word' id='word_1_100' title='bbox 69 1502 156 1550; x_wconf 83' lang='lat' dir='ltr'>tur</span> <span class='ocrx_word' id='word_1_101' title='bbox 191 1496 279 1567; x_wconf 80' lang='lat' dir='ltr'>(cf.</span> <span class='ocrx_word' id='word_1_102' title='bbox 316 1505 566 1553; x_wconf 73' lang='lat' dir='ltr'><em>adnotatio</em></span> <span class='ocrx_word' id='word_1_103' title='bbox 600 1505 667 1552; x_wconf 85' lang='lat' dir='ltr'>ad</span> <span class='ocrx_word' id='word_1_104' title='bbox 696 1502 868 1565; x_wconf 75' lang='lat' dir='ltr'>fr.4&#39;7)</span> <span class='ocrx_word' id='word_1_105' title='bbox 910 1541 921 1552; x_wconf 92' lang='lat'>.</span> <span class='ocrx_word' id='word_1_106' title='bbox 946 1542 956 1552; x_wconf 94' lang='lat'>.</span> <span class='ocrx_word' id='word_1_107' title='bbox 979 1541 990 1551; x_wconf 92' lang='lat'>.</span> <span class='ocrx_word' id='word_1_108' title='bbox 1014 1540 1026 1551; x_wconf 91' lang='lat'>.</span> <span class='ocrx_word' id='word_1_109' title='bbox 1067 1497 1198 1551; x_wconf 87' lang='lat' dir='ltr'>mihi</span> <span class='ocrx_word' id='word_1_110' title='bbox 1235 1515 1365 1550; x_wconf 89' lang='lat' dir='ltr'>uero</span> <span class='ocrx_word' id='word_1_111' title='bbox 1404 1498 1584 1568; x_wconf 87' lang='lat' dir='ltr'>placet</span> <span class='ocrx_word' id='word_1_112' title='bbox 1621 1497 1786 1550; x_wconf 84' lang='lat' dir='ltr'>utin</span> <span class='ocrx_word' id='word_1_113' title='bbox 1819 1498 1909 1550; x_wconf 86' lang='lat' dir='ltr'>la-</span> 
     </span>
     <span class='ocr_line' id='line_1_14' title="bbox 69 1587 1902 1660; baseline 0 -20"><span class='ocrx_word' id='word_1_114' title='bbox 69 1587 222 1640; x_wconf 83' lang='lat' dir='ltr'>tino</span> <span class='ocrx_word' id='word_1_115' title='bbox 264 1605 582 1643; x_wconf 88' lang='lat' dir='ltr'>sermone</span> <span class='ocrx_word' id='word_1_116' title='bbox 620 1588 1081 1658; x_wconf 82' lang='lat' dir='ltr'>antiquitatis</span> <span class='ocrx_word' id='word_1_117' title='bbox 1119 1588 1378 1658; x_wconf 86' lang='lat' dir='ltr'>religio</span> <span class='ocrx_word' id='word_1_118' title='bbox 1418 1595 1670 1640; x_wconf 88' lang='lat' dir='ltr'>seruetur</span> <span class='ocrx_word' id='word_1_119' title='bbox 1705 1596 1765 1640; x_wconf 92' lang='lat' dir='ltr'>ut</span> <span class='ocrx_word' id='word_1_120' title='bbox 1807 1607 1902 1660; x_wconf 90' lang='lat' dir='ltr'>po-</span> 
     </span>
     <span class='ocr_line' id='line_1_15' title="bbox 67 1677 1903 1734; baseline 0 -3"><span class='ocrx_word' id='word_1_121' title='bbox 67 1677 176 1732; x_wconf 82' lang='lat' dir='ltr'>tius</span> <span class='ocrx_word' id='word_1_122' title='bbox 214 1685 382 1734; x_wconf 75' lang='lat' dir='ltr'>sorbui</span> <span class='ocrx_word' id='word_1_123' title='bbox 419 1680 720 1733; x_wconf 89' lang='lat' dir='ltr'>secundum</span> <span class='ocrx_word' id='word_1_124' title='bbox 757 1680 1259 1733; x_wconf 87' lang='lat' dir='ltr'>auctoritatem</span> <span class='ocrx_word' id='word_1_125' title='bbox 1315 1678 1807 1732; x_wconf 86' lang='lat' dir='ltr'>eruditissimorum</span> <span class='ocrx_word' id='word_1_126' title='bbox 1851 1686 1903 1731; x_wconf 90' lang='lat' dir='ltr'>et</span> 
     </span>
     <span class='ocr_line' id='line_1_16' title="bbox 70 1769 1899 1842; baseline 0.002 -23"><span class='ocrx_word' id='word_1_127' title='bbox 70 1769 446 1841; x_wconf 66' lang='lat' dir='ltr'>,eloquentium</span> <span class='ocrx_word' id='word_1_128' title='bbox 498 1771 740 1825; x_wconf 90' lang='lat' dir='ltr'>uirorum</span> <span class='ocrx_word' id='word_1_129' title='bbox 780 1771 1039 1839; x_wconf 84' lang='lat' dir='ltr'>dicamus,</span> <span class='ocrx_word' id='word_1_130' title='bbox 1098 1789 1260 1842; x_wconf 85' lang='lat' dir='ltr'>quam</span> <span class='ocrx_word' id='word_1_131' title='bbox 1305 1778 1482 1835; x_wconf 76' lang='lat' dir='ltr'>sorpsi,</span> <span class='ocrx_word' id='word_1_132' title='bbox 1534 1789 1659 1822; x_wconf 89' lang='lat' dir='ltr'>eum</span> <span class='ocrx_word' id='word_1_133' title='bbox 1704 1787 1899 1823; x_wconf 89' lang='lat' dir='ltr'>recens</span> 
     </span>
     <span class='ocr_line' id='line_1_17' title="bbox 68 1859 1901 1932; baseline 0 -20"><span class='ocrx_word' id='word_1_134' title='bbox 68 1859 204 1914; x_wconf 84' lang='lat' dir='ltr'>haee</span> <span class='ocrx_word' id='word_1_135' title='bbox 251 1859 543 1915; x_wconf 83' lang='lat' dir='ltr'>declinatio</span> <span class='ocrx_word' id='word_1_136' title='bbox 582 1862 788 1916; x_wconf 89' lang='lat' dir='ltr'>sordidi</span> <span class='ocrx_word' id='word_1_137' title='bbox 838 1862 1102 1915; x_wconf 88' lang='lat' dir='ltr'>sermonis</span> <span class='ocrx_word' id='word_1_138' title='bbox 1151 1862 1297 1915; x_wconf 88' lang='lat' dir='ltr'>uires</span> <span class='ocrx_word' id='word_1_139' title='bbox 1340 1860 1510 1930; x_wconf 90' lang='lat' dir='ltr'>(uirus</span> <span class='ocrx_word' id='word_1_140' title='bbox 1550 1860 1636 1929; x_wconf 83' lang='lat' dir='ltr'>P.)</span> <span class='ocrx_word' id='word_1_141' title='bbox 1677 1860 1901 1932; x_wconf 81' lang='lat' dir='ltr'>ceperit.</span> 
     </span>
     <span class='ocr_line' id='line_1_18' title="bbox 70 1952 1906 2024; baseline -0.001 -18"><span class='ocrx_word' id='word_1_142' title='bbox 70 1994 82 2006; x_wconf 94' lang='lat'>.</span> <span class='ocrx_word' id='word_1_143' title='bbox 103 1993 116 2006; x_wconf 92' lang='lat'>.</span> <span class='ocrx_word' id='word_1_144' title='bbox 138 1994 150 2005; x_wconf 93' lang='lat'>.</span> <span class='ocrx_word' id='word_1_145' title='bbox 186 1952 315 2006; x_wconf 90' lang='lat' dir='ltr'>hinc</span> <span class='ocrx_word' id='word_1_146' title='bbox 353 1962 648 2007; x_wconf 88' lang='lat' dir='ltr'>nascuntur</span> <span class='ocrx_word' id='word_1_147' title='bbox 676 1955 839 2007; x_wconf 87' lang='lat' dir='ltr'>etiam</span> <span class='ocrx_word' id='word_1_148' title='bbox 876 1954 1215 2007; x_wconf 88' lang='lat' dir='ltr'>diuersarum</span> <span class='ocrx_word' id='word_1_149' title='bbox 1253 1953 1711 2023; x_wconf 84' lang='lat' dir='ltr'>significationum</span> <span class='ocrx_word' id='word_1_150' title='bbox 1747 1970 1906 2024; x_wconf 84' lang='lat' dir='ltr'>quae-</span> 
     </span>
     <span class='ocr_line' id='line_1_19' title="bbox 67 2042 1903 2113; baseline -0.001 -17"><span class='ocrx_word' id='word_1_151' title='bbox 67 2042 290 2113; x_wconf 78' lang='lat' dir='ltr'>stiones,</span> <span class='ocrx_word' id='word_1_152' title='bbox 321 2053 537 2100; x_wconf 81' lang='lat' dir='ltr'>actarios</span> <span class='ocrx_word' id='word_1_153' title='bbox 555 2065 623 2098; x_wconf 87' lang='lat' dir='ltr'>an</span> <span class='ocrx_word' id='word_1_154' title='bbox 644 2053 892 2100; x_wconf 76' lang='lat' dir='ltr'>actuarios</span> <span class='ocrx_word' id='word_1_155' title='bbox 930 2052 981 2097; x_wconf 89' lang='lat' dir='ltr'>et</span> <span class='ocrx_word' id='word_1_156' title='bbox 1010 2044 1195 2097; x_wconf 83' lang='lat' dir='ltr'>dicere</span> <span class='ocrx_word' id='word_1_157' title='bbox 1225 2051 1277 2096; x_wconf 88' lang='lat' dir='ltr'>et</span> <span class='ocrx_word' id='word_1_158' title='bbox 1318 2043 1556 2097; x_wconf 88' lang='lat' dir='ltr'>scribere</span> <span class='ocrx_word' id='word_1_159' title='bbox 1594 2043 1903 2111; x_wconf 85' lang='lat' dir='ltr'>debeamus,</span> 
     </span>
     <span class='ocr_line' id='line_1_20' title="bbox 69 2134 1906 2206; baseline 0.001 -19"><span class='ocrx_word' id='word_1_160' title='bbox 69 2153 192 2189; x_wconf 87' lang='lat' dir='ltr'>cum</span> <span class='ocrx_word' id='word_1_161' title='bbox 230 2143 478 2190; x_wconf 75' lang='lat' dir='ltr'>actuarios</span> <span class='ocrx_word' id='word_1_162' title='bbox 526 2155 685 2191; x_wconf 87' lang='lat' dir='ltr'>canes</span> <span class='ocrx_word' id='word_1_163' title='bbox 738 2135 958 2205; x_wconf 88' lang='lat' dir='ltr'>quidem</span> <span class='ocrx_word' id='word_1_164' title='bbox 1010 2137 1074 2188; x_wconf 87' lang='lat' dir='ltr'>ab</span> <span class='ocrx_word' id='word_1_165' title='bbox 1117 2143 1240 2188; x_wconf 84' lang='lat' dir='ltr'>actu</span> <span class='ocrx_word' id='word_1_166' title='bbox 1280 2134 1638 2206; x_wconf 77' lang='lat' dir='ltr'>appellemUS‚</span> <span class='ocrx_word' id='word_1_167' title='bbox 1692 2141 1906 2188; x_wconf 76' lang='lat' dir='ltr'>actarios</span> 
     </span>
     <span class='ocr_line' id='line_1_21' title="bbox 66 2225 1905 2299; baseline -0.001 -21"><span class='ocrx_word' id='word_1_168' title='bbox 66 2241 199 2279; x_wconf 87' lang='lat' dir='ltr'>uero</span> <span class='ocrx_word' id='word_1_169' title='bbox 223 2225 518 2299; x_wconf 77' lang='lat' dir='ltr'>scriptores</span> <span class='ocrx_word' id='word_1_170' title='bbox 542 2228 817 2280; x_wconf 87' lang='lat' dir='ltr'>actorum&#39;.</span> <span class='ocrx_word' id='word_1_171' title='bbox 854 2227 1106 2298; x_wconf 83' lang='lat' dir='ltr'>excerpsi</span> <span class='ocrx_word' id='word_1_172' title='bbox 1144 2226 1372 2296; x_wconf 85' lang='lat' dir='ltr'>longum</span> <span class='ocrx_word' id='word_1_173' title='bbox 1390 2226 1571 2296; x_wconf 84' lang='lat' dir='ltr'>Longi</span> <span class='ocrx_word' id='word_1_174' title='bbox 1606 2225 1805 2294; x_wconf 87' lang='lat' dir='ltr'>locum,</span> <span class='ocrx_word' id='word_1_175' title='bbox 1845 2232 1905 2279; x_wconf 86' lang='lat' dir='ltr'>ut</span> 
     </span>
     <span class='ocr_line' id='line_1_22' title="bbox 32 2316 1904 2388; baseline 0.001 -21"><span class='ocrx_word' id='word_1_176' title='bbox 32 2335 36 2339; x_wconf 76' lang='grc'><strong>’</strong></span> <span class='ocrx_word' id='word_1_177' title='bbox 67 2333 179 2368; x_wconf 91' lang='lat' dir='ltr'>non</span> <span class='ocrx_word' id='word_1_178' title='bbox 216 2316 406 2370; x_wconf 64' lang='lat' dir='ltr'>solum&gt;</span> <span class='ocrx_word' id='word_1_179' title='bbox 429 2318 709 2388; x_wconf 81' lang='lat' dir='ltr'>generalia</span> <span class='ocrx_word' id='word_1_180' title='bbox 737 2337 861 2371; x_wconf 91' lang='lat' dir='ltr'>cum</span> <span class='ocrx_word' id='word_1_181' title='bbox 873 2317 1136 2370; x_wconf 85' lang='lat' dir='ltr'>Varronis</span> <span class='ocrx_word' id='word_1_182' title='bbox 1168 2317 1323 2370; x_wconf 89' lang='lat' dir='ltr'>libris</span> <span class='ocrx_word' id='word_1_183' title='bbox 1363 2316 1674 2384; x_wconf 85' lang='lat' dir='ltr'>conuenire,</span> <span class='ocrx_word' id='word_1_184' title='bbox 1710 2334 1904 2369; x_wconf 89' lang='lat' dir='ltr'>uerum</span> 
     </span>
     <span class='ocr_line' id='line_1_23' title="bbox 68 2406 1901 2482; baseline 0.002 -23"><span class='ocrx_word' id='word_1_185' title='bbox 68 2406 231 2460; x_wconf 84' lang='lat' dir='ltr'>etiani</span> <span class='ocrx_word' id='word_1_186' title='bbox 267 2427 424 2480; x_wconf 88' lang='lat' dir='ltr'>quam</span> <span class='ocrx_word' id='word_1_187' title='bbox 463 2417 579 2463; x_wconf 88' lang='lat' dir='ltr'>arte</span> <span class='ocrx_word' id='word_1_188' title='bbox 617 2430 739 2464; x_wconf 91' lang='lat' dir='ltr'>cum</span> <span class='ocrx_word' id='word_1_189' title='bbox 779 2411 871 2464; x_wconf 88' lang='lat' dir='ltr'>tali</span> <span class='ocrx_word' id='word_1_190' title='bbox 911 2419 1233 2482; x_wconf 85' lang='lat' dir='ltr'>argumento</span> <span class='ocrx_word' id='word_1_191' title='bbox 1274 2412 1619 2482; x_wconf 86' lang='lat' dir='ltr'>quaestiones</span> <span class='ocrx_word' id='word_1_192' title='bbox 1661 2410 1729 2463; x_wconf 87' lang='lat' dir='ltr'>de</span> <span class='ocrx_word' id='word_1_193' title='bbox 1771 2411 1901 2463; x_wconf 84' lang='lat' dir='ltr'>anti-</span> 
     </span>
     <span class='ocr_line' id='line_1_24' title="bbox 69 2497 1902 2573; baseline 0.002 -23"><span class='ocrx_word' id='word_1_194' title='bbox 69 2497 187 2568; x_wconf 88' lang='lat' dir='ltr'>quis</span> <span class='ocrx_word' id='word_1_195' title='bbox 225 2500 415 2554; x_wconf 87' lang='lat' dir='ltr'>formis</span> <span class='ocrx_word' id='word_1_196' title='bbox 455 2507 507 2553; x_wconf 86' lang='lat' dir='ltr'>et</span> <span class='ocrx_word' id='word_1_197' title='bbox 543 2501 946 2572; x_wconf 84' lang='lat' dir='ltr'>significatione</span> <span class='ocrx_word' id='word_1_198' title='bbox 983 2504 1292 2572; x_wconf 84' lang='lat' dir='ltr'>uerborum,</span> <span class='ocrx_word' id='word_1_199' title='bbox 1334 2503 1402 2556; x_wconf 90' lang='lat' dir='ltr'>ad</span> <span class='ocrx_word' id='word_1_200' title='bbox 1443 2521 1575 2573; x_wconf 86' lang='lat' dir='ltr'>quas</span> <span class='ocrx_word' id='word_1_201' title='bbox 1594 2501 1902 2555; x_wconf 88' lang='lat' dir='ltr'>Varronem</span> 
     </span>
     <span class='ocr_line' id='line_1_25' title="bbox 67 2591 1898 2662; baseline 0.001 -20"><span class='ocrx_word' id='word_1_202' title='bbox 67 2607 228 2662; x_wconf 86' lang='lat' dir='ltr'>saepe</span> <span class='ocrx_word' id='word_1_203' title='bbox 262 2591 542 2645; x_wconf 83' lang='lat' dir='ltr'>transiisse</span> <span class='ocrx_word' id='word_1_204' title='bbox 580 2592 712 2662; x_wconf 78' lang='lat' dir='ltr'>dixi,</span> <span class='ocrx_word' id='word_1_205' title='bbox 760 2594 1081 2647; x_wconf 87' lang='lat' dir='ltr'>coniunctae</span> <span class='ocrx_word' id='word_1_206' title='bbox 1132 2594 1240 2647; x_wconf 88' lang='lat' dir='ltr'>sint</span> <span class='ocrx_word' id='word_1_207' title='bbox 1274 2594 1638 2647; x_wconf 83' lang='lat' dir='ltr'>ostenderem.</span> <span class='ocrx_word' id='word_1_208' title='bbox 1710 2592 1898 2646; x_wconf 87' lang='lat' dir='ltr'>similis</span> 
     </span>
     <span class='ocr_line' id='line_1_26' title="bbox 67 2678 1901 2756; baseline 0.002 -24"><span class='ocrx_word' id='word_1_209' title='bbox 67 2678 362 2752; x_wconf 80' lang='lat' dir='ltr'>disputatio</span> <span class='ocrx_word' id='word_1_210' title='bbox 382 2681 510 2735; x_wconf 87' lang='lat' dir='ltr'>Veli</span> <span class='ocrx_word' id='word_1_211' title='bbox 549 2702 601 2754; x_wconf 91' lang='lat' dir='ltr'>p.</span> <span class='ocrx_word' id='word_1_212' title='bbox 624 2683 760 2737; x_wconf 86' lang='grc'>2228</span> <span class='ocrx_word' id='word_1_213' title='bbox 781 2704 859 2756; x_wconf 90' lang='lat' dir='ltr'>sq.</span> <span class='ocrx_word' id='word_1_214' title='bbox 897 2685 1104 2754; x_wconf 86' lang='lat' dir='ltr'>legitur</span> <span class='ocrx_word' id='word_1_215' title='bbox 1140 2694 1193 2738; x_wconf 89' lang='lat' dir='ltr'>et</span> <span class='ocrx_word' id='word_1_216' title='bbox 1229 2683 1306 2737; x_wconf 84' lang='lat' dir='ltr'>ibi</span> <span class='ocrx_word' id='word_1_217' title='bbox 1342 2702 1575 2755; x_wconf 85' lang='lat' dir='ltr'>quoque,</span> <span class='ocrx_word' id='word_1_218' title='bbox 1611 2683 1796 2754; x_wconf 87' lang='lat' dir='ltr'>paucis</span> <span class='ocrx_word' id='word_1_219' title='bbox 1822 2683 1901 2736; x_wconf 89' lang='lat' dir='ltr'>in-</span> 
     </span>
     <span class='ocr_line' id='line_1_27' title="bbox 65 2771 1900 2849; baseline 0.003 -27"><span class='ocrx_word' id='word_1_220' title='bbox 65 2771 361 2844; x_wconf 83' lang='lat' dir='ltr'>terpositis,</span> <span class='ocrx_word' id='word_1_221' title='bbox 395 2773 660 2829; x_wconf 85' lang='lat' dir='ltr'>Varronis</span> <span class='ocrx_word' id='word_1_222' title='bbox 710 2776 982 2845; x_wconf 87' lang='lat' dir='ltr'>quoddam</span> <span class='ocrx_word' id='word_1_223' title='bbox 1025 2785 1376 2849; x_wconf 86' lang='lat' dir='ltr'>praeceptum</span> <span class='ocrx_word' id='word_1_224' title='bbox 1418 2774 1900 2846; x_wconf 83' lang='lat' dir='ltr'>orthographicum</span> 
     </span>
     <span class='ocr_line' id='line_1_28' title="bbox 64 2862 1900 2939; baseline 0.002 -24"><span class='ocrx_word' id='word_1_225' title='bbox 64 2862 155 2916; x_wconf 80' lang='lat' dir='ltr'>uel</span> <span class='ocrx_word' id='word_1_226' title='bbox 191 2863 569 2936; x_wconf 88' lang='lat' dir='ltr'>orthoepicum</span> <span class='ocrx_word' id='word_1_227' title='bbox 608 2865 676 2918; x_wconf 90' lang='lat' dir='ltr'>de</span> <span class='ocrx_word' id='word_1_228' title='bbox 713 2871 902 2920; x_wconf 75' lang='lat' dir='ltr'>haren-a</span> <span class='ocrx_word' id='word_1_229' title='bbox 935 2867 1182 2921; x_wconf 86' lang='lat' dir='ltr'>adfertur</span> <span class='ocrx_word' id='word_1_230' title='bbox 1221 2868 1297 2939; x_wconf 83' lang='lat' dir='ltr'>(p.</span> <span class='ocrx_word' id='word_1_231' title='bbox 1318 2867 1497 2936; x_wconf 75' lang='lat'>2230).</span> <span class='ocrx_word' id='word_1_232' title='bbox 1555 2866 1737 2939; x_wconf 84' lang='lat' dir='ltr'>priore</span> <span class='ocrx_word' id='word_1_233' title='bbox 1778 2865 1900 2918; x_wconf 90' lang='lat' dir='ltr'>loco</span> 
     </span>
     <span class='ocr_line' id='line_1_29' title="bbox 66 2952 1901 3028; baseline 0.001 -23"><span class='ocrx_word' id='word_1_234' title='bbox 66 2952 367 3007; x_wconf 86' lang='lat' dir='ltr'>eVarrone</span> <span class='ocrx_word' id='word_1_235' title='bbox 394 2973 504 3008; x_wconf 91' lang='lat' dir='ltr'>non</span> <span class='ocrx_word' id='word_1_236' title='bbox 538 2955 700 3008; x_wconf 90' lang='lat' dir='ltr'>modo</span> <span class='ocrx_word' id='word_1_237' title='bbox 739 2956 1047 3010; x_wconf 87' lang='lat' dir='ltr'>obseruatio</span> <span class='ocrx_word' id='word_1_238' title='bbox 1090 2956 1157 3009; x_wconf 91' lang='lat' dir='ltr'>de</span> <span class='ocrx_word' id='word_1_239' title='bbox 1196 2963 1353 3012; x_wconf 75' lang='lat' dir='ltr'>deliro</span> <span class='ocrx_word' id='word_1_240' title='bbox 1390 2957 1564 3024; x_wconf 79' lang='lat' dir='ltr'>fluxit,</span> <span class='ocrx_word' id='word_1_241' title='bbox 1606 2956 1704 3009; x_wconf 90' lang='lat' dir='ltr'>sed</span> <span class='ocrx_word' id='word_1_242' title='bbox 1742 2956 1901 3028; x_wconf 81' lang='lat' dir='ltr'>plura</span> 
     </span>
     <span class='ocr_line' id='line_1_30' title="bbox 65 3042 1897 3120; baseline 0.001 -24"><span class='ocrx_word' id='word_1_243' title='bbox 65 3042 192 3096; x_wconf 80' lang='lat' dir='ltr'>huic</span> <span class='ocrx_word' id='word_1_244' title='bbox 227 3043 414 3098; x_wconf 83' lang='lat' dir='ltr'>deberi</span> <span class='ocrx_word' id='word_1_245' title='bbox 455 3046 693 3099; x_wconf 86' lang='lat' dir='ltr'>ostendit</span> <span class='ocrx_word' id='word_1_246' title='bbox 739 3054 968 3102; x_wconf 79' lang='lat' dir='ltr'>meridies</span> <span class='ocrx_word' id='word_1_247' title='bbox 1006 3049 1080 3120; x_wconf 88' lang='lat' dir='ltr'>(p.</span> <span class='ocrx_word' id='word_1_248' title='bbox 1114 3047 1275 3117; x_wconf 83' lang='grc'>2232)</span> <span class='ocrx_word' id='word_1_249' title='bbox 1316 3065 1387 3100; x_wconf 83' lang='lat' dir='ltr'>ex</span> <span class='ocrx_word' id='word_1_250' title='bbox 1433 3048 1547 3100; x_wconf 91' lang='lat' dir='ltr'>eius</span> <span class='ocrx_word' id='word_1_251' title='bbox 1583 3052 1765 3099; x_wconf 91' lang='lat' dir='ltr'>mente</span> <span class='ocrx_word' id='word_1_252' title='bbox 1805 3063 1897 3098; x_wconf 82' lang='lat' dir='ltr'>ex-</span> 
     </span>
     <span class='ocr_line' id='line_1_31' title="bbox 64 3133 1900 3211; baseline 0.001 -25"><span class='ocrx_word' id='word_1_253' title='bbox 64 3133 315 3207; x_wconf 80' lang='lat' dir='ltr'>plicatuS‚</span> <span class='ocrx_word' id='word_1_254' title='bbox 348 3137 418 3190; x_wconf 92' lang='lat' dir='ltr'>cf.</span> <span class='ocrx_word' id='word_1_255' title='bbox 455 3137 522 3190; x_wconf 87' lang='lat' dir='ltr'>de</span> <span class='ocrx_word' id='word_1_256' title='bbox 561 3138 694 3208; x_wconf 83' lang='lat' dir='ltr'>ling.</span> <span class='ocrx_word' id='word_1_257' title='bbox 734 3139 825 3190; x_wconf 88' lang='lat' dir='ltr'>lat.</span> <span class='ocrx_word' id='word_1_258' title='bbox 861 3138 946 3191; x_wconf 88' lang='lat' dir='ltr'>VI</span> <span class='ocrx_word' id='word_1_259' title='bbox 977 3139 1012 3190; x_wconf 80' lang='lat'>4</span> <span class='ocrx_word' id='word_1_260' title='bbox 1049 3159 1099 3211; x_wconf 89' lang='lat' dir='ltr'>p.</span> <span class='ocrx_word' id='word_1_261' title='bbox 1142 3140 1258 3208; x_wconf 83' lang='lat'>186,</span> <span class='ocrx_word' id='word_1_262' title='bbox 1307 3146 1361 3191; x_wconf 91' lang='lat' dir='ltr'>et</span> <span class='ocrx_word' id='word_1_263' title='bbox 1398 3138 1656 3191; x_wconf 88' lang='lat' dir='ltr'>iudicium</span> <span class='ocrx_word' id='word_1_264' title='bbox 1707 3137 1774 3188; x_wconf 87' lang='lat' dir='ltr'>de</span> <span class='ocrx_word' id='word_1_265' title='bbox 1810 3135 1900 3188; x_wconf 86' lang='lat' dir='ltr'>ad-</span> 
     </span>
     <span class='ocr_line' id='line_1_32' title="bbox 66 3225 1896 3299; baseline -0.001 -21"><span class='ocrx_word' id='word_1_266' title='bbox 66 3225 359 3297; x_wconf 89' lang='lat' dir='ltr'>spiratione</span> <span class='ocrx_word' id='word_1_267' title='bbox 394 3228 449 3280; x_wconf 91' lang='lat' dir='ltr'>in</span> <span class='ocrx_word' id='word_1_268' title='bbox 488 3230 769 3282; x_wconf 85' lang='lat' dir='ltr'>uocabulis</span> <span class='ocrx_word' id='word_1_269' title='bbox 789 3232 1042 3283; x_wconf 69' lang='lat' dir='ltr'>uehemens</span> <span class='ocrx_word' id='word_1_270' title='bbox 1062 3238 1114 3282; x_wconf 93' lang='lat' dir='ltr'>et</span> <span class='ocrx_word' id='word_1_271' title='bbox 1133 3236 1457 3295; x_wconf 72' lang='lat' dir='ltr'>reprehensus</span> <span class='ocrx_word' id='word_1_272' title='bbox 1485 3248 1536 3299; x_wconf 92' lang='lat' dir='ltr'>p.</span> <span class='ocrx_word' id='word_1_273' title='bbox 1555 3227 1712 3294; x_wconf 74' lang='lat'>2234,</span> <span class='ocrx_word' id='word_1_274' title='bbox 1752 3225 1896 3295; x_wconf 81' lang='lat' dir='ltr'>quod</span> 
     </span>
     <span class='ocr_line' id='line_1_33' title="bbox 64 3314 1895 3394; baseline -0.002 -23"><span class='ocrx_word' id='word_1_275' title='bbox 64 3314 351 3372; x_wconf 85' lang='lat' dir='ltr'>Terentius</span> <span class='ocrx_word' id='word_1_276' title='bbox 390 3318 627 3375; x_wconf 81' lang='lat' dir='ltr'>Scaurus</span> <span class='ocrx_word' id='word_1_277' title='bbox 666 3341 719 3394; x_wconf 89' lang='lat' dir='ltr'>p.</span> <span class='ocrx_word' id='word_1_278' title='bbox 744 3320 880 3373; x_wconf 74' lang='lat'>2256</span> <span class='ocrx_word' id='word_1_279' title='bbox 917 3329 1103 3392; x_wconf 85' lang='lat' dir='ltr'>aperte</span> <span class='ocrx_word' id='word_1_280' title='bbox 1123 3321 1362 3374; x_wconf 86' lang='lat' dir='ltr'>Varroni</span> <span class='ocrx_word' id='word_1_281' title='bbox 1399 3319 1602 3372; x_wconf 86' lang='lat' dir='ltr'>tribuit.</span> <span class='ocrx_word' id='word_1_282' title='bbox 1642 3335 1764 3369; x_wconf 87' lang='lat' dir='ltr'>cum</span> <span class='ocrx_word' id='word_1_283' title='bbox 1791 3316 1895 3369; x_wconf 92' lang='lat' dir='ltr'>hoc</span> 
     </span>
    </p>
   </div>
   <div class='ocr_carea' id='block_1_3' title="bbox 64 3518 1896 3661">
    <p class='ocr_par' dir='ltr' id='par_1_4' title="bbox 64 3518 1896 3661">
     <span class='ocr_line' id='line_1_34' title="bbox 234 3518 1896 3580; baseline 0.002 -18"><span class='ocrx_word' id='word_1_284' title='bbox 234 3518 281 3575; x_wconf 90' lang='lat'>1)</span> <span class='ocrx_word' id='word_1_285' title='bbox 313 3519 509 3566; x_wconf 87' lang='lat' dir='ltr'>Prorsus</span> <span class='ocrx_word' id='word_1_286' title='bbox 542 3523 743 3568; x_wconf 84' lang='lat' dir='ltr'>alienum</span> <span class='ocrx_word' id='word_1_287' title='bbox 773 3524 861 3568; x_wconf 89' lang='lat' dir='ltr'>hoe</span> <span class='ocrx_word' id='word_1_288' title='bbox 889 3539 989 3568; x_wconf 86' lang='lat' dir='ltr'>esse</span> <span class='ocrx_word' id='word_1_289' title='bbox 1021 3525 1078 3568; x_wconf 85' lang='lat' dir='ltr'>ab</span> <span class='ocrx_word' id='word_1_290' title='bbox 1116 3539 1169 3569; x_wconf 86' lang='lat' dir='ltr'>eo</span> <span class='ocrx_word' id='word_1_291' title='bbox 1207 3524 1330 3580; x_wconf 90' lang='lat' dir='ltr'>quod</span> <span class='ocrx_word' id='word_1_292' title='bbox 1361 3538 1501 3580; x_wconf 88' lang='lat' dir='ltr'>supra</span> <span class='ocrx_word' id='word_1_293' title='bbox 1533 3525 1594 3580; x_wconf 82' lang='lat' dir='ltr'>(p.</span> <span class='ocrx_word' id='word_1_294' title='bbox 1611 3522 1671 3566; x_wconf 87' lang='lat'>64</span> <span class='ocrx_word' id='word_1_295' title='bbox 1698 3538 1742 3567; x_wconf 87' lang='lat' dir='ltr'>n.</span> <span class='ocrx_word' id='word_1_296' title='bbox 1764 3523 1810 3578; x_wconf 85' lang='grc'>2)</span> <span class='ocrx_word' id='word_1_297' title='bbox 1847 3522 1896 3565; x_wconf 90' lang='lat' dir='ltr'>in</span> 
     </span>
     <span class='ocr_line' id='line_1_35' title="bbox 64 3596 1823 3661; baseline 0.003 -21"><span class='ocrx_word' id='word_1_298' title='bbox 64 3596 187 3641; x_wconf 91' lang='lat' dir='ltr'>libro</span> <span class='ocrx_word' id='word_1_299' title='bbox 217 3599 360 3644; x_wconf 87' lang='lat' dir='ltr'>tertio</span> <span class='ocrx_word' id='word_1_300' title='bbox 395 3600 466 3654; x_wconf 86' lang='lat' dir='ltr'>(fr.</span> <span class='ocrx_word' id='word_1_301' title='bbox 487 3602 561 3659; x_wconf 81' lang='grc'>62)</span> <span class='ocrx_word' id='word_1_302' title='bbox 596 3605 800 3660; x_wconf 83' lang='lat' dir='ltr'>positum</span> <span class='ocrx_word' id='word_1_303' title='bbox 832 3605 975 3648; x_wconf 84' lang='lat' dir='ltr'>fuisse</span> <span class='ocrx_word' id='word_1_304' title='bbox 1006 3605 1203 3649; x_wconf 83' lang='lat' dir='ltr'>uidimus</span> <span class='ocrx_word' id='word_1_305' title='bbox 1236 3606 1314 3648; x_wconf 80' lang='lat' dir='ltr'>uix</span> <span class='ocrx_word' id='word_1_306' title='bbox 1345 3609 1416 3648; x_wconf 77' lang='lat' dir='ltr'>est</span> <span class='ocrx_word' id='word_1_307' title='bbox 1447 3604 1570 3661; x_wconf 87' lang='lat' dir='ltr'>quod</span> <span class='ocrx_word' id='word_1_308' title='bbox 1603 3617 1823 3647; x_wconf 78' lang='lat' dir='ltr'>moneam.</span> 
     </span>
    </p>
   </div>
  </div>
 </body>
</html>
