2358 4016
1233 314 1296 362 58

352 458 567 512 nomina
626 458 967 526 singulorum
1025 465 1373 525 accentuum,
1438 465 1786 528 quotcunque
1839 462 2174 530 grammatici

350 549 442 600 uel
506 549 750 600 rhetores
817 547 1276 619 excogitauerint,
1338 547 1551 599 facilem
1611 549 2027 619 explicationem
2089 552 2175 605 ha-

349 639 496 690 bere.
533 639 589 689 in
625 637 812 710 primis
849 637 915 689 de
959 646 1144 690 acutae
1181 645 1370 691 natura
1409 638 1636 707 egregie
1682 637 1976 710 disputauit
2014 660 2175 713 quam

348 727 507 797 graui
545 727 854 780 breuiorem
893 745 1009 780 esse
1049 727 1204 795 dixit,
1259 734 1320 779 ut
1364 727 1422 780 in
1469 728 1688 797 organis
1740 730 1959 783 musicis
1997 739 2067 784 et
2105 732 2176 785 ci·

349 819 534 871 tharae
574 818 778 871 chorda
818 817 1031 870 tenuior
1068 817 1366 870 acutiorem
1407 836 1599 871 sonum
1639 819 1852 889 habeat,
1909 827 1963 873 et
2009 820 2170 875 tibiae

350 927 453 978 quo
491 909 832 979 angustiores
871 927 933 961 eo
970 909 1235 961 acutiores
1289 908 1440 961 ‘adeo
1492 916 1553 962 ut
1588 910 1865 962 corniculo
1917 912 2010 964 uel
2045 912 2175 976 βομ-

347 1002 513 1070 βυκίῳ
531 1005 572 1069 1)
603 1005 787 1057 addito
825 1004 1046 1075 grauior
1082 1023 1244 1057 sonus
1281 1003 1558 1074 reddatur,
1606 1004 1750 1073 quod
1789 1005 2022 1060 crassior
2058 1006 2172 1059 exit

346 1095 403 1147 in
439 1096 599 1149 aera'.
667 1096 870 1167 pariter
918 1095 973 1147 in
1010 1096 1169 1168 pulsu
1207 1095 1534 1148 chordarum
1571 1095 1724 1149 citius
1762 1104 1970 1149 acutam
2006 1103 2174 1150 trans-

347 1184 551 1261 uolare,
605 1194 658 1239 et
710 1185 935 1239 chordas
989 1204 1214 1256 quarum
1258 1203 1420 1237 sonus
1458 1184 1677 1253 grauior
1715 1185 1995 1256 longiores
2036 1203 2169 1255 esse,

349 1276 492 1348 quod
526 1276 700 1329 laxius
734 1275 1039 1330 tendantur.
1079 1276 1290 1329 fistulae
1330 1293 1544 1345 quoque
1573 1275 1803 1328 calamos
1823 1275 2173 1330 breuissimos

347 1365 683 1419 acutissimos
724 1384 842 1419 esse
879 1374 932 1418 et
967 1367 1127 1419 tibias
1166 1385 1271 1436 quo
1311 1366 1576 1419 acutiores
1615 1385 1677 1419 eo
1700 1366 2066 1443 breuiores&
2103 1368 2175 1420 ‘et

347 1456 429 1510 his
472 1455 554 1524 (ut
573 1455 934 1511 Seruiuerbis
961 1461 1103 1525 utar)
1145 1457 1408 1509 foramina
1444 1475 1602 1526 quam
1638 1466 1762 1510 sunt
1803 1456 1884 1508 ori
1921 1457 2173 1528 proxima

350 1554 404 1599 et
441 1547 704 1600 breuioris
746 1547 882 1600 aeris
905 1555 1111 1599 motum
1137 1548 1554 1618 persentiscunt,
1591 1555 1702 1600 tam
1721 1565 1914 1601 uocem
1935 1547 2174 1600 reddunt

350 1644 584 1706 acutam3
639 1637 717 1691 sic
765 1637 821 1690 in
859 1638 1194 1709 loquentium
1236 1637 1648 1707 legentiumque
1686 1655 1842 1706 uoce,
1900 1637 1992 1691 ubi
2047 1645 2172 1692 sunt

344 1727 631 1800 prosodiae
670 1728 819 1780 uelut
854 1728 1118 1797 quaedam
1154 1728 1418 1796 istamina,
1461 1736 1614 1781 acuta
1650 1728 1863 1782 tenuior
1901 1735 1983 1781 est
2011 1747 2173 1800 quam

349 1818 536 1889 grauis
595 1827 648 1872 et
700 1819 884 1872 breuis
939 1819 1091 1887 ade0,
1142 1828 1201 1871 ut
1248 1838 1358 1872 non
1407 1820 1627 1890 longius
1670 1839 1828 1891 quam
1873 1837 1974 1890 per
2011 1836 2174 1872 unam

343 1910 626 1980 syllabam,
666 1911 795 1983 quin
829 1911 993 1964 immo
1029 1929 1128 1982 per
1161 1931 1330 1964 unum
1367 1919 1580 1983 tempus
1620 1908 2004 1984 protrahatur'.
2045 1927 2166 1982 per·

510 2114 555 2170 1)
590 2115 662 2158 Ita
705 2114 871 2170 scripsi
907 2128 991 2171 pro
1038 2113 1212 2158 codicis
1259 2116 1482 2157 bamborio
1531 2113 1655 2169 quod
1697 2113 2078 2159 Vindobonenses
2121 2114 2171 2159 in

342 2197 563 2239 bomborio
597 2209 623 2238 a
653 2191 830 2254 βόμβος
861 2195 1053 2239 ductum
1082 2198 1262 2238 mutare
1293 2195 1554 2237 uoluerunt.
1587 2188 1764 2252 βόμβυξ
1777 2197 1964 2250 praeter
1985 2194 2169 2251 phalae·

343 2290 450 2319 nam
480 2275 606 2319 illam
637 2275 924 2319 notissimam
957 2275 1205 2319 secundum
1233 2274 1468 2318 Pollucem
1485 2274 1572 2317 IIII
1591 2274 1663 2317 82.
1695 2274 1892 2330 Hesyeh·
1921 2289 1964 2318 u.
1995 2269 2173 2334 βόμβυξ

343 2371 488 2413 genus
522 2356 754 2413 quoddam
787 2356 1019 2411 tibiarum,
1053 2358 1174 2399 teste
1205 2357 1394 2399 Polluce
1411 2355 1499 2398 1111
1516 2354 1588 2400 70.
1622 2353 2056 2412 Pseudo-Arcad.p.
2086 2354 2174 2400 213

345 2435 497 2480 Schm.
561 2437 617 2480 61.
650 2435 770 2479 Plut.
806 2439 979 2492 quaest.
1013 2450 1155 2491 symp.
1177 2435 1262 2479 VII
1294 2450 1335 2491 p.
1357 2435 1444 2479 317
1463 2434 1503 2478 A
1543 2449 1650 2491 pars
1695 2434 1919 2490 quaedam
1935 2434 2170 2479 ·tibiarum

343 2518 428 2570 est,
460 2530 602 2572 quare
620 2516 962 2568 diminutiuum,
996 2530 1270 2571 quamquam
1301 2515 1350 2559 in
1380 2515 1466 2559 hac
1499 2513 1836 2571 significatione
1865 2513 2082 2569 (bestiola
2104 2516 2175 2558 est

342 2594 586 2640 Aristoteli
615 2596 723 2639 hist.
755 2595 888 2639 anim.
922 2596 963 2640 V
992 2597 1062 2640 19.
1088 2595 1148 2639 24
1177 2597 1253 2646 al.)
1291 2610 1389 2638 non
1422 2594 1625 2639 occurrit
1656 2593 1781 2650 quod
1811 2593 1967 2650 sciam,
2009 2594 2173 2638 eodem

339 2675 476 2719 modo
511 2690 565 2720 ac
596 2671 772 2735 βόμβυξ
797 2691 882 2732 pro
910 2676 1129 2720 tibiarum
1145 2680 1279 2733 parte
1295 2677 1491 2732 quadam
1509 2678 1782 2731 usurpatum
1803 2674 2032 2728 existimo,
2052 2688 2168 2729 quae

337 2770 445 2812 pars
476 2759 528 2799 ut
560 2756 784 2800 Arcadius
815 2757 845 2800 l.
883 2771 916 2800 S.
949 2760 996 2801 et
1025 2758 1153 2801 locus
1184 2760 1343 2800 noster
1373 2755 1579 2800 indicare
1614 2755 1834 2798 uidentur
1866 2753 2030 2798 eadem
2061 2756 2163 2798 erat

290 2874 292 2877 ,
340 2849 476 2891 quam
518 2836 675 2892 graeci
704 2837 974 2892 plerumque
1009 2841 1163 2894 κέρας,
1195 2836 1329 2880 latini
1361 2850 1505 2880 cornu
1533 2835 1608 2878 uel
1642 2834 1930 2879 corniculum
1958 2833 2163 2880 nomina-

339 2916 467 2959 bant.
505 2915 560 2960 cf.
595 2916 726 2960 Ouid.
760 2920 943 2960 metam.
978 2916 1040 2959 XI
1065 2917 1134 2960 16.
1181 2917 1290 2960 Hor.
1325 2930 1464 2960 carm.
1497 2915 1697 2970 118,14.
1762 2914 1808 2959 O.
1854 2914 1905 2958 F.
1943 2913 2164 2958 Heinrich

339 2995 398 3039 ad
427 2995 584 3040 quen.
605 2995 668 3040 VI
698 2995 798 3039 314.
861 2996 1127 3040 Aristotelis
1157 2995 1410 3052 metaphys,
1441 3001 1491 3040 N
1513 2995 1540 3038 6
1573 3011 1616 3052 p.
1641 2994 1780 3039 1093b
1813 2994 1841 3038 3
1876 2993 2166 3039 scholiastam

338 3091 382 3134 p.
405 3076 513 3120 832ΐι
533 3076 590 3120 45
621 3079 748 3120 recte
779 3064 1054 3133 explicuisse
1087 3077 1168 3120 uix
1197 3077 1350 3121 credo.

503 3156 549 3212 2)
581 3157 637 3200 cf.
671 3155 1039 3212 Theophrastum
1069 3157 1130 3207 111,
1150 3156 1394 3214 Porphyrii
1435 3170 1583 3201 conm.
1618 3155 1667 3199 in
1699 3153 1955 3199 Ptolemaei
1979 3153 2167 3205 ,harmo-

339 3237 444 3282 nica
471 3251 544 3294 ap.
573 3234 942 3281 Ioh.Wallisium
976 3251 1048 3293 op.
1085 3237 1224 3280 math.
1260 3237 1326 3280 III
1354 3253 1396 3292 p.
1413 3236 1500 3280 243
1529 3235 1575 3281 Ὁ
1603 3233 1692 3294 γὰρ
1722 3230 2001 3294 μακρότερος
2030 3229 2167 3281 αὐλὸς

340 3311 594 3375 βαρύτερος,
629 3319 678 3361 ἓν
708 3303 742 3374 ᾧ
764 3318 923 3360 πλεῖον
952 3315 1003 3359 τὸ
1036 3319 1218 3371 πνεῦμα
1253 3320 1356 3374 περὶ
1381 3314 1406 3359 ὃ
1434 3314 1571 3369 πᾶνὴ
1598 3320 1780 3369 κίνησις.
1810 3315 1956 3357 multa
1978 3313 2162 3357 omnino

339 3398 429 3442 huc
462 3397 679 3442 facientia
709 3397 850 3442 habes
883 3397 932 3440 in
965 3397 1218 3440 Ptolemaei
1250 3397 1390 3440 harm.
1423 3397 1444 3439 I
1472 3396 1513 3438 2.
1539 3395 1566 3439 3
1599 3396 1644 3450 (l.
1676 3396 1704 3437 l.
1738 3409 1781 3449 p.
1818 3394 1950 3449 4sq.)
1983 3397 2031 3437 et
2061 3393 2171 3437 Por-

341 3478 493 3534 phyrii
523 3477 840 3522 conmentario
868 3477 916 3520 in
947 3477 1055 3520 libri
1086 3477 1223 3532 primi
1254 3477 1408 3532 capita
1441 3476 1598 3533 priora
1628 3475 1690 3517 III
1721 3490 1762 3530 p.
1795 3474 1878 3518 191
1903 3488 1969 3529 sq.
2007 3499 2063 3506 -—-
2113 3473 2169 3518 cf.

346 3554 554 3601 Macrob.
588 3556 637 3600 in
671 3571 814 3600 somn.
848 3555 970 3613 Scip.
1006 3554 1049 3599 11
1079 3555 1120 3610 4,
1152 3554 1194 3599 5.
