2280 4088
1049 324 1146 372 153

88 480 149 530 12
345 475 481 530 Dies
514 475 814 530 communis
852 473 1073 546 generis
1114 479 1211 526 est.
1255 471 1346 544 qui
1378 470 1679 524 masculino
1708 487 1915 540 genere
1940 470 2016 522 di-

177 568 407 624 cendum
447 575 774 641 putauerunt
811 567 908 623 has
949 584 1136 619 causas
1174 563 1553 631 reddiderunt,
1601 561 1750 632 quod
1786 561 1900 615 dies
1941 560 2016 614 fe-

175 667 303 713 stos·
330 666 576 712 auctores
619 658 1021 712 dixerunt'non
1059 655 1242 723 festas,
1282 661 1336 707 et
1375 659 1627 725 quartum
1671 659 1725 705 et
1767 652 2017 721 quintum

83 774 93 779 ·
174 749 456 818 kalendaS,
491 769 601 803 non
641 756 879 821 quartam
921 765 1022 800 nec
1049 747 1307 816 quintam,
1349 753 1402 799 et
1432 764 1556 810 cum
1577 744 1742 796 hodie
1769 743 2016 809 dicimus,

118 851 148 896 5
176 842 315 896 nihil
351 841 499 894 aliud
537 860 697 912 quam
735 840 838 893 hoc
878 839 963 892 die
1003 838 1363 908 intellegitur.
1414 836 1505 909 qui
1543 854 1676 902 uero
1729 835 2016 904 feminino,

176 932 441 986 catholico
480 939 708 984 utuntur
743 929 1156 1000 quodablatiuo
1191 947 1319 981 casu
1354 927 1399 980 E
1446 948 1558 982 non
1598 927 1703 980 nisi
1743 926 2011 997 producta

174 1021 407 1091 finiatur,
461 1029 515 1074 et
553 1021 698 1092 quod
737 1020 1035 1074 deminutio
1075 1021 1189 1073 eius
1228 1019 1442 1073 diecula
1483 1019 1552 1072 sit
1600 1037 1710 1072 non
1751 1016 2014 1085 dieculuS,

177 1122 237 1167 ut
274 1113 348 1183 ait
385 1113 673 1167 Terentius
714 1112 879 1182 ‘quod
922 1112 1018 1164 tibi
1059 1110 1199 1164 addo
1253 1111 1556 1163 dieculam'.
1612 1109 1790 1161 Varro
1836 1115 2016 1160 autem

178 1203 426 1275 distinxit
461 1211 523 1257 ut
560 1203 857 1256 masculino
894 1221 1100 1272 genere
1141 1202 1302 1255 unius
1342 1202 1450 1255 diei
1488 1219 1702 1254 cursum
1742 1199 2015 1270 significa-

89 1304 146 1349 10
175 1300 274 1358 ret,
310 1291 570 1345 feminino
605 1299 784 1343 autem
818 1292 1078 1362 temporis
1103 1291 1355 1363 spatium.
1396 1291 1541 1361 quod
1574 1309 1734 1343 nemo
1758 1289 2013 1342 seruauit.

179 1490 228 1532 et
257 1486 496 1532 sciendum
528 1486 653 1543 quod
686 1500 837 1543 pauca
867 1485 1170 1530 inueniuntur
1201 1485 1492 1541 diminutiua,
1540 1500 1656 1542 quae
1700 1499 1794 1529 non
1827 1489 2017 1529 seruant

175 1561 348 1605 genera
380 1546 741 1603 primitiuorum,
772 1549 824 1589 ut
855 1560 970 1589 rana
1003 1546 1300 1598 ranunculus,
1337 1545 1461 1590 canis
1482 1546 1709 1600 canicula,
1741 1548 1923 1589 scutum
1940 1546 2017 1589 uel

175 1609 309 1652 scuta
340 1607 521 1650 scutula
552 1607 756 1649 scutella.
819 1605 1022 1649 Lucilius
1053 1605 1101 1648 in
1132 1605 1192 1648 V:
1235 1606 1430 1649 ‘scutam
1461 1605 1713 1662 ligneolam
1744 1605 1794 1648 in
1824 1606 2016 1649 cerebro

175 1665 359 1710 infixit'.
405 1665 482 1710 hic
513 1666 675 1722 qualus
707 1667 796 1709 hoc
829 1665 1086 1721 quasillum,
1119 1664 1371 1721 pistrinum
1400 1665 1616 1722 pistrilla,
1650 1665 1762 1708 haec
1799 1679 1907 1709 acus
1940 1664 2015 1709 hic

177 1726 376 1781 aculeuS,
410 1729 455 1769 et
485 1729 729 1782 praeterea
761 1725 924 1781 anguis
958 1725 1176 1782 anguilla,
1206 1726 1374 1780 unguis
1399 1725 1586 1781 ungula,
1619 1725 1763 1768 nubes
1788 1724 2014 1780 nubilum,

177 1792 295 1842 quae
324 1785 471 1841 magis
504 1785 848 1828 denominatiua
879 1788 987 1827 sunt
1019 1784 1326 1828 existimanda
1351 1799 1485 1840 quam
1519 1784 1809 1838 diminutiua,
1844 1784 2014 1840 quippe

174 1856 269 1888 non
288 1844 460 1888 habent
490 1844 872 1888 diminutiuorum
904 1843 1308 1900 significationem,
1332 1844 1414 1888 sed
1436 1844 1631 1887 formam
1651 1847 1846 1887 tantum.
1883 1858 2016 1901 prae-

176 1907 306 1948 terea
335 1918 483 1960 panus
517 1905 759 1960 panucula.
824 1903 1028 1948 Lucilius
1071 1903 1118 1946 in
1151 1903 1261 1947 VIII
1301 1904 1441 1948 ‘intus
1472 1904 1610 1947 modo
1645 1907 1736 1947 stet
1770 1908 1924 1948 rectus
1960 1939 1967 1946 .
2004 1937 2013 1946 .

177 1963 450 2013 subteminis
482 1964 655 2020 panus'.
690 1964 870 2006 Probus
905 1964 1045 2006 etiam
1073 1963 1207 2019 ponit
1242 1963 1330 2007 hoc
1362 1963 1601 2021 glandium
1634 1963 1747 2007 haec
1780 1963 2014 2020 glandula,

177 2022 300 2125 enslis
342 2023 571 2067 ensiculus
619 2023 838 2076 ensicula,
887 2026 1132 2079 praeterea
1171 2022 1288 2067 haec
1320 2025 1430 2068 beta
1461 2023 1626 2078 malua,
1673 2023 1749 2066 hic
1795 2024 2013 2067 betaceus

176 2096 252 2126 ma
271 2097 453 2126 uaceus.

219 2207 222 2212 ,
344 2162 414 2206 12.
449 2162 580 2207 Char.
617 2178 662 2220 p.
683 2162 850 2218 110‚8:
882 2163 1024 2206 Dies
1058 2162 1378 2206 communis
1415 2196 1425 2206 .
1460 2192 1468 2202 .
1504 2196 1513 2205 .
1548 2163 1834 2206 seruauit.
1909 2178 2017 2207 nam

178 2226 226 2268 et
247 2222 509 2271 ‚seeundum
533 2223 884 2266 distinctionem
905 2222 1025 2265 dixit
1041 2222 1275 2279 Vergilius
1298 2225 1428 2276 (Aen.
1451 2226 1500 2266 II
1513 2223 1642 2278 .32·4):
1677 2223 1819 2266 ‘uenit
1840 2238 2017 2267 summa

177 2283 290 2329 dies’
322 2282 371 2326 id
403 2286 475 2326 est
493 2286 690 2339 tempus,
727 2285 774 2326 et
794 2283 924 2338 (Aen.
944 2284 1185 2336 1111169):
1219 2282 1309 2325 ‘ille
1342 2282 1438 2325 dies
1468 2283 1643 2339 primus
1671 2282 1772 2326 leti’
1806 2297 1897 2339 pro·
1924 2298 2015 2327 uno

177 2342 267 2389 die.
299 2345 459 2386 tamen
491 2345 539 2386 et
572 2342 794 2386 feminino
827 2356 998 2399 genere
1031 2341 1125 2385 diei
1161 2342 1362 2398 spatium
1393 2341 1638 2398 significat,
1674 2357 1779 2387 cum
1801 2343 1867 2386 ait
1885 2343 2014 2397 (Aen.

182 2405 219 2447 V
235 2401 366 2460 104):
399 2403 684 2459 ‘exspectata
701 2401 799 2445 dies
817 2401 1006 2446 aderat'.
1040 2401 1097 2445 cf.
1116 2401 1305 2446 Prisc.V
1317 2401 1373 2445 26
1391 2416 1435 2458 p.
1458 2401 1557 2458 158,
1577 2401 1647 2446 11.
1683 2407 1732 2446 in
1751 2405 1878 2446 ‘libro
1896 2406 2015 2461 =qlos-

177 2459 349 2507 sarum'
366 2463 556 2506 Bermn.
578 2467 634 2508 16
657 2465 736 2519 fol.
755 2466 878 2508 121²‘·
906 2464 1113 2520 leyuntur
1133 2465 1257 2516 haec,
1283 2478 1393 2518 quae
1418 2464 1582 2505 Vsener
1616 2465 1725 2506 mihi
1751 2466 2015 2521 descripsit:

177 2520 275 2566 dies
294 2535 398 2565 cum
424 2521 570 2565 multa
592 2521 836 2579 significet,
865 2519 1096 2578 significat
1119 2520 1260 2564 etiam
1283 2524 1464 2577 tempus
1486 2521 1756 2578 plerumque
1785 2523 2014 2580 generale,

177 2579 302 2643 quod
334 2583 444 2637 (quo
485 2584 669 2636 Vsener)
703 2585 751 2625 et
782 2581 880 2624 dies
915 2585 962 2625 et
993 2594 1085 2624 nox
1114 2580 1531 2637 conprehendatur.
1569 2581 1666 2625 dies
1691 2582 1875 2639 generis
1898 2596 2016 2627 mas-

177 2640 319 2686 culini
349 2640 522 2684 bonum
553 2643 752 2698 tempus,
787 2640 998 2685 feminini
1029 2640 1200 2683 malum
1226 2639 1474 2696 significat.
1507 2641 1605 2684 dies
1628 2642 1879 2685 secundum
1898 2643 2014 2688 artis

176 2700 384 2757 regulam
416 2699 626 2743 feminini
655 2700 837 2758 generis
871 2704 956 2754 est,
989 2713 1094 2743 cum
1125 2699 1360 2757 significat
1393 2703 1605 2757 tempus:
1640 2700 1736 2744 eius
1771 2701 2015 2746 diminutio

176 2759 357 2804 diecula
388 2762 435 2803 et
466 2759 694 2804 ablatiuus
727 2775 861 2805 casus
893 2759 1125 2816 producta
1161 2773 1215 2802 ·e·
1254 2760 1414 2803 littera
1445 2761 1735 2815 terminatus,
1768 2765 1820 2804 ut
1852 2762 1909 2805 ab
1929 2762 2016 2807 hae

178 2818 266 2873 die,
298 2819 356 2863 ab
385 2819 471 2862 hac
501 2833 565 2872 re,
598 2821 655 2863 ab
688 2819 775 2864 hac
807 2820 974 2876 specie.
1008 2833 1170 2862 uerum
1200 2819 1452 2863 masculino
1484 2834 1655 2876 genere
1686 2820 1935 2865 dicendum
1965 2822 2014 2865 in

175 2878 302 2935 trina
331 2878 660 2924 obseruatione
691 2880 970 2923 retinemus:
1003 2879 1053 2922 in
1085 2879 1308 2935 qualitate
1340 2894 1533 2923 numero
1574 2880 1810 2924 aduerbio.
1870 2881 2014 2938 quali-

176 2940 288 3005 tate,
319 2941 371 2982 ut
399 2939 607 3005 “serenus
641 2939 754 2982 dies’
789 2938 998 2996 [numero
1032 2939 1229 3005 serena],
1263 2953 1469 2994 numero,
1501 2943 1583 2983 aut
1618 2943 1689 2991 (ut
1718 2942 1897 2997 Vsener)
1929 2941 2014 2984 ‘bis

177 2997 2014 3114 {stati-tztteffifftss‘ffpss-{Zu‘ffiz'gtff{lffiffilss'asssstatastat&

178 3116 314 3172 much)
344 3115 620 3160 diminutiua
653 3118 878 3162 recedunt
907 3133 934 3161 a
962 3117 1226 3160 nominibus
1252 3117 1430 3174 primae
1463 3118 1722 3174 positionis,
1754 3124 1806 3162 ut
1833 3123 2013 3163 scutum

180 3175 362 3219 scutula
397 3179 534 3232 (corr.
557 3195 623 3221 ex
655 3178 848 3234 scutela)
877 3177 1082 3232 scutella,
1115 3176 1240 3220 canis
1274 3177 1498 3231 canicula,
1535 3192 1648 3221 rana
1678 3179 1925 3222 raniculuS.

346 3366 376 3410 4
418 3379 505 3411 nec
543 3365 767 3427 quintam
802 3365 862 3414 N
889 3368 938 3411 et
974 3367 1195 3428 quintam
1228 3382 1264 3427 p
1291 3359 1316 3428 Η
1354 3368 1381 3413 5
1422 3367 1728 3427 intellegitur
1757 3382 1792 3426 p
1826 3367 2014 3414 intelle-

174 3435 326 3493 'gatur
343 3434 405 3483 N
420 3434 445 3489 ΙΙ
470 3437 500 3482 8
547 3436 738 3484 Terent.
760 3434 927 3485 Andr.
945 3436 1084 3484 IIII
1098 3443 1149 3495 2,
1175 3441 1248 3487 27
1270 3442 1294 3492 Η
1322 3440 1350 3485 9
1390 3439 1615 3486 distinxit
1652 3440 1700 3483 et
1737 3435 1848 3483 mas
1889 3432 2015 3498 gene

181 3502 240 3552 N
263 3502 526 3554 ffistincxit.
553 3505 819 3553 masculino
856 3521 1034 3566 genere
1067 3525 1103 3569 p
1138 3512 1196 3555 ut
1238 3507 1495 3557 Putschius
1531 3502 1556 3575 ΙΙ
1594 3522 1790 3554 cursum
1825 3507 2007 3570 signifi-

181 3587 291 3633 care
325 3573 383 3620 N
412 3589 582 3622 cursus
617 3575 914 3638 significaret
941 3591 980 3636 p
1006 3577 1029 3634 ΙΙ
