2236 4030
1228 333 1290 379 22

352 475 513 529 ratim
551 476 618 528 de
652 476 951 547 proloquiis
995 477 1215 549 dixisse,
1262 481 1320 533 in
1360 479 1660 553 posteriore
1699 483 1768 536 ad
1817 485 2035 556 singula
2080 504 2173 540 ex-

348 565 600 638 plicanda
642 566 947 638 profectum
981 567 1120 622 libro
1157 570 1358 624 XXIII
1395 572 1679 645 proloquia
1717 573 1996 649 simplicia,
2033 573 2172 630 libro

343 655 577 709 XXIIII
611 657 906 728 conposita,
965 659 1104 712 libro
1141 660 1307 715 XXV
1341 669 1627 734 poetarum
1659 681 1815 718 usum
1865 665 1959 718 uel
1992 666 2174 720 nescio

350 745 478 818 quid
520 753 792 800 tractasse.
834 748 931 800 sed
966 749 1102 803 haec
1139 769 1238 821 pro
1279 751 1439 805 certis
1474 772 1587 806 non
1622 753 1980 809 uendiderim.

512 837 755 891 Transeo
795 839 864 890 ad
901 839 1111 911 priores
1147 841 1335 894 libros
1409 841 1508 896 He
1527 862 1647 897 xas
1685 843 1929 916 prima,
1965 852 2025 898 ut
2062 864 2174 900 sae-

348 925 469 997 pius
509 926 638 993 dixi,
678 927 746 980 de
785 929 1120 1001 etymologia
1161 931 1362 1004 scripta
1394 939 1524 1002 erat,
1559 940 1613 985 et
1644 933 1772 988 libri
1807 941 1920 988 tres
1945 933 2175 1006 ‘priores

348 1016 414 1069 de
458 1016 744 1089 disciplina
777 1020 1074 1073 uerborum
1115 1022 1359 1093 originis,
1400 1023 1728 1096 posteriores
1773 1022 1840 1077 de
1882 1026 2176 1079 uerborum

349 1108 685 1180 originibus'.
724 1110 967 1182 priorum
1005 1112 1080 1165 ‘in
1117 1113 1291 1184 primo
1328 1113 1606 1168 uolumine
1650 1114 1744 1168 est'
1783 1123 1845 1169 ut
1875 1116 1999 1189 'ipsa
2035 1116 2174 1171 Var-

345 1199 492 1253 ronis
542 1200 711 1253 uerba
765 1219 961 1271 ponam
1015 1202 1151 1271 (VII
1185 1205 1284 1257 109
1319 1224 1372 1277 p.
1394 1204 1518 1274 339)
1571 1204 1728 1277 ‘quae
1766 1206 2029 1276 dicantur,
2082 1227 2176 1262 cur

346 1287 688 1358 ἒτιᾳιολογικὴ
726 1309 903 1362 neque
944 1312 1028 1345 ars
1072 1293 1140 1347 sit
1177 1312 1356 1366 neque
1395 1313 1458 1348 ea
1505 1295 1651 1349 utilis
1694 1297 1780 1364 sit,
1827 1297 1885 1351 in
1932 1297 2173 1352 secundo

347 1399 483 1451 quae
534 1381 657 1451 sint,
710 1402 807 1435 cur
862 1392 915 1436 et
965 1403 1050 1437 ars
1092 1403 1154 1438 ea
1206 1386 1275 1438 sit
1319 1394 1372 1438 et
1420 1387 1568 1441 utilis
1605 1387 1689 1456 sit,
1742 1387 1800 1440 in
1837 1387 1997 1442 tertio
2036 1406 2174 1459 quae

346 1474 519 1527 forma
555 1475 956 1545 etymologiae'.
1012 1476 1188 1548 primo
1236 1476 1406 1548 igitur
1455 1478 1596 1531 libro
1650 1485 1835 1532 contra
1876 1479 2071 1534 stoicos
2121 1487 2174 1534 et

347 1566 746 1637 grammat1005‚
789 1567 878 1638 qui
915 1585 1104 1620 eorum
1139 1569 1232 1621 uel
1254 1567 1448 1622 similia
1466 1577 1760 1642 praecepta
1792 1572 2172 1642 sequebantur,

348 1656 517 1709 altero
556 1674 624 1709 ex
660 1657 957 1710 eorundem
995 1666 1176 1712 mente
1225 1659 1535 1731 disputauit‚
1592 1666 1748 1714 tertio
1802 1654 1954 1713 suam
1995 1660 2063 1714 de
2116 1679 2177 1715 re

292 1742 295 1743 ⁷
352 1747 675 1800 sententiam
714 1748 978 1820 exposuit.
1016 1750 1293 1821 praeclara
1333 1768 1460 1803 sane
1503 1749 1811 1823 dispositio!
1853 1750 2045 1807 Studia
2065 1759 2178 1822 ety-

350 1838 622 1907 mologica
658 1838 949 1892 stoicorum
984 1839 1072 1905 (cf.
1108 1839 1180 1893 Κ.
1206 1839 1382 1893 Lehrs
1424 1839 1490 1892 de
1520 1839 1825 1894 Aristarchi
1861 1841 2000 1895 stud.
2034 1841 2179 1896 hom.

348 1947 398 2000 p.
420 1928 539 1981 340.
579 1928 643 1982 R.
666 1927 916 1984 Schmidt
951 1929 1046 1984 l.1.
1067 1948 1119 2001 p.
1142 1930 1225 1983 21.
1265 1928 1366 1984 Oh.
1390 1930 1460 1984 A.
1487 1929 1715 1985 Lobeck
1749 1930 1818 1984 de
1856 1922 2088 2005 antiphr.
2127 1939 2182 1986 et

349 2018 720 2090 euphemismo
757 2019 815 2072 in
851 2019 982 2072 actis
1019 2020 1202 2074 societ.
1223 2040 1306 2092 gr.
1335 2021 1393 2075 II
1409 2040 1462 2093 p.
1484 2021 1587 2076 293
1613 2042 1692 2095 sq.
1733 2020 1794 2076 C.
1818 2022 2181 2076 Wachsmuth

349 2109 416 2164 de
452 2108 598 2164 Crat.
618 2110 768 2172 Mall.
801 2128 854 2182 p.
877 2111 961 2164 13.
996 2111 1067 2165 H.
1087 2111 1363 2168 Steinthal
1397 2113 1582 2184 gesch.
1607 2111 1657 2166 d.
1680 2113 1947 2185 sprachW.
1982 2130 2037 2184 p.
2054 2113 2179 2183 323)

348 2219 418 2254 ex
457 2201 803 2254 interioribus
841 2201 1062 2273 linguae
1099 2203 1413 2273 rationibUS,
1453 2221 1583 2274 quas
1607 2205 1911 2275 probabant
1929 2206 2022 2273 (cf.
2044 2222 2098 2276 p.
2123 2204 2180 2275 5)

346 2293 657 2365 pendebant
694 2310 989 2363 eorumque
1026 2313 1184 2347 usum
1224 2294 1281 2347 in
1321 2295 1551 2365 singulis
1588 2295 1880 2349 tractandis
1914 2310 2178 2367 gramma-

347 2383 441 2437 tici
481 2383 653 2437 secuti
689 2391 828 2453 sunt,
862 2391 923 2436 ut
954 2384 1092 2438 nihil
1121 2385 1236 2438 fere
1271 2385 1415 2439 inter
1452 2404 1544 2439 eos
1579 2386 1885 2440 intercedat
1919 2385 2180 2440 discrimi-

347 2474 447 2528 nis.
489 2482 543 2527 et
583 2475 865 2546 paullatim
905 2475 1284 2529 efflorescentc
1324 2484 1460 2547 arte,
1502 2478 1647 2550 quod
1673 2477 1780 2531 iam
1800 2476 1955 2530 Plato
1973 2476 2031 2530 in
2054 2476 2181 2531 Cra-

348 2566 466 2636 tylo
502 2565 620 2618 ioco
659 2565 910 2638 serioque
947 2566 1237 2636 adgressus
1279 2574 1410 2635 erat,
1465 2575 1641 2622 certas
1694 2566 1982 2621 deriuandi
2025 2567 2180 2639 leges

349 2665 768 2730 proposuerunt,
811 2657 1003 2727 quibus
1034 2657 1091 2709 ni
1122 2657 1320 2709 mirum
1355 2658 1439 2710 usi
1482 2657 1760 2727 quodlibet
1800 2657 1915 2710 fere
1953 2659 2181 2712 uerbum

348 2768 379 2801 a
413 2747 655 2819 quolibet
691 2745 887 2799 ducere
930 2752 1239 2818 potuerunt.
1279 2753 1332 2798 et
1371 2745 1515 2817 apud
1537 2746 1864 2814 Varronem,
1905 2765 1975 2800 ne
2008 2746 2064 2800 in
2095 2764 2179 2800 re-

346 2839 509 2909 liquis
553 2854 874 2905 commorer,
918 2844 970 2890 et
1005 2837 1325 2891 interiorum
1374 2837 1641 2890 rationum
1692 2845 1746 2891 et
1793 2844 2063 2891 certarum
2106 2838 2180 2892 le-

348 2949 481 3002 gum
519 2929 832 3000 specimina,
873 2946 1009 2998 quae
1050 2927 1176 2981 satis
1218 2945 1335 2981 esse
1374 2927 1649 2998 uidentur,
1678 2927 2179 3007 deprehendemus,

349 3020 514 3079 Initio
551 3019 709 3092 primi
749 3019 874 3072 libri
911 3018 1026 3071 sine
1065 3018 1229 3072 dubio
1271 3018 1339 3071 de
1373 3018 1709 3090 etymologia
1749 3017 1807 3072 in
1846 3017 2180 3086 uniuersum,

329 3120 407 3165 ‘ut
443 3109 595 3164 initio
637 3110 813 3162 octaui
850 3109 975 3163 libri
1015 3110 1071 3178 (3
1108 3128 1159 3180 p.
1182 3110 1284 3162 392
1311 3109 1462 3160 —24
1497 3129 1549 3182 p.
1577 3109 1704 3175 409)
1759 3108 1827 3162 de
1871 3109 2179 3163 declinatio-

349 3203 527 3271 nibuS,
569 3200 759 3255 eadem
796 3200 912 3254 fere
949 3208 1131 3253 mente
1171 3199 1443 3265 disseruit,
1484 3198 1710 3270 quaV2
1734 3218 1786 3271 p.
1814 3197 1878 3252 13
1918 3198 2049 3252 dicit
2071 3219 2178 3253 cnm

349 3300 725 3359 uniuscuiusque
759 3299 897 3347 uerbi
944 3301 1149 3346 naturae
1184 3299 1284 3346 sint
1322 3297 1460 3354 dnae,
1517 3311 1548 3344 a
1586 3310 1683 3358 qua
1726 3310 1781 3344 re
1814 3299 1860 3344 et
1900 3297 1955 3344 in
1993 3310 2091 3357 qua
2125 3310 2180 3344 re

349 3388 640 3439 uocabulum
677 3390 741 3437 sit
774 3389 1050 3449 impositum
1087 3413 1148 3419 —
1182 3388 1345 3448 itaque
1379 3401 1410 3435 a
1444 3400 1541 3447 qua
1575 3400 1629 3434 re
1661 3386 1726 3434 sit
1751 3387 2035 3446 pertinacia
2073 3400 2180 3434 oum

349 3482 629 3540 quaeritur,
671 3477 942 3527 ostenditur
980 3489 1078 3524 esse
1112 3490 1143 3523 a
1177 3474 1525 3535 pertendendO,
1563 3475 1618 3523 in
1653 3488 1750 3535 qua
1788 3478 1843 3522 re
1880 3475 1946 3522 sit
1979 3474 2178 3535 imposi-

355 3572 454 3617 tum
491 3569 673 3618 dicitur
708 3582 814 3616 cnm
849 3566 1224 3624 demonstratur,
1259 3566 1312 3612 in
1345 3579 1445 3625 quo
1472 3579 1570 3613 non
1599 3563 1736 3613 debet
1750 3563 1979 3625 pertendi
2003 3565 2050 3612 et
2065 3575 2179 3624 per·
