2314 4056
1192 320 1292 366 210

332 482 492 519 uersa
531 472 627 518 est.
702 464 896 533 quibus
936 463 1146 517 duobus
1171 464 1401 534 repertis
1428 472 1554 517 nata
1587 474 1668 518 est
1695 468 1790 520 illa
1811 467 2152 522 librariorum

332 562 388 607 et
423 555 764 607 calculonum
802 554 1086 624 professio,
1121 554 1271 606 velut
1323 554 1586 625 quaedam
1643 558 2023 626 grammaticae
2075 558 2153 610 in-

331 645 517 712 fantia,
575 662 734 714 quam
777 644 951 697 Varro
1005 643 1389 696 litterationem
1438 652 1624 713 uocat;
1685 644 1926 712 [Graece
1962 655 2154 712 ‚autem

331 734 599 805 quomodo
643 734 947 806 appelletur
983 753 1093 787 non
1131 734 1187 786 in
1225 734 1793 804 praesentia‘recolo}
1826 738 1835 803 Ι

474 823 694 875 Poterat
731 824 836 875 iam
872 826 1113 895 perfecta
1154 842 1272 878 esse
1308 825 1673 894 grammatica,
1727 825 1822 878 sed
1870 825 1992 897 quia
2035 825 2154 897 ipso
2186 828 2214 872 5

333 911 549 964 nomine
586 911 833 982 profiteri
869 930 927 964 se
961 912 1168 966 litteras
1190 914 1398 980 clamat,
1432 914 1576 966 unde
1617 914 1776 967 etiam
1811 909 1976 968 latine
2011 914 2154 967 litte-

334 1010 516 1054 ratura
554 1001 767 1070 dicitur,
805 1003 1008 1055 factum
1052 1011 1151 1071 est,
1201 1012 1260 1056 ut
1315 1004 1570 1075 quicquid
1620 1004 1847 1075 dignum
1895 1004 2156 1058 memoria

330 1092 527 1144 litteris
563 1092 909 1145 mandaretur
949 1093 1017 1146 ad
1055 1110 1169 1146 eam
1207 1095 1512 1148 necessario
1548 1095 1864 1167 pertineret.

271 1249 330 1300 93
473 1241 868 1295 Grammaticae
893 1241 1089 1310 officia,
1113 1250 1173 1294 ut
1197 1241 1400 1295 adserit
1418 1241 1613 1306 Varro,
1647 1251 1896 1297 constant
1934 1243 1992 1296 in
2031 1262 2152 1317 par-

326 1330 470 1383 tibus
509 1337 792 1399 quattuor:
839 1329 1074 1383 lectione
1117 1331 1458 1384 enarratione
1507 1331 1886 1385 emendatione
1928 1332 2148 1388 iudicio,
2182 1338 2238 1382 10

325 1419 487 1473 lectio
530 1427 611 1472 est
645 1419 796 1472 uaria
835 1419 1091 1488 cuiusque
1131 1420 1317 1490 scripti
1354 1420 1648 1474 enuntiatio
1687 1421 1930 1476 seruiens
1977 1422 2151 1493 digni-

325 1510 423 1562 tati
476 1528 829 1582 personarum
880 1509 1303 1581 exprimensque
1362 1512 1525 1564 animi
1577 1511 1822 1566 habitum
1875 1512 2151 1586 cuiusque.

328 1683 535 1735 Graecia,
562 1683 687 1740 quod
701 1681 895 1742 γραμμὴ
914 1684 1037 1728 linea
1053 1687 1101 1727 et
1116 1680 1367 1743 γράμματα
1387 1685 1578 1728 litterae
1594 1676 1936 1742 nuncupentur,
1949 1685 2154 1743 mihique

327 1744 389 1787 sit
419 1744 703 1787 attributum
724 1743 992 1786 litterarum
1019 1743 1192 1787 formas
1221 1744 1426 1800 propriis
1455 1743 1676 1788 ductibus
1707 1744 1897 1788 lineare.
1954 1744 2152 1801 hincque

325 1802 440 1846 mihi
453 1802 679 1846 Romulus
709 1801 1008 1846 litteraturae
1038 1816 1209 1846 nomen
1239 1803 1471 1859 ascripsit,
1501 1803 1712 1859 quamuis
1728 1802 1958 1847 infantem
1974 1817 2048 1848 me
2075 1803 2155 1847 lit-

326 1863 608 1905 terationem
638 1861 844 1904 uoluerit
873 1876 1155 1918 nuncupare,
1202 1862 1323 1905 sicut
1352 1863 1510 1918 apud
1541 1876 1792 1919 graecos
1822 1879 2153 1922 γραμματι-

333 1935 393 1964 στ
408 1919 496 1975 ικὴ
528 1920 808 1977 primitus
843 1921 1008 1965 uocit
1021 1922 1172 1974 abar,
1204 1925 1318 1964 tunc
1338 1924 1385 1964 et
1401 1921 1660 1964 antistitem
1683 1921 1814 1964 dedit
1833 1925 1881 1964 et
1901 1925 2154 1966 assectato-

325 1995 398 2024 res
418 1981 470 2037 (Β
490 1982 748 2024 assectores
773 1979 825 2036 11)
856 1980 1122 2036 impuberes
1153 1981 1444 2037 aggregauit.
1477 1980 1532 2023 cf.
1551 1981 1711 2024 Ioann.
1729 1981 1911 2025 Saresb.
1928 1981 2150 2038 metalog.

324 2039 345 2082 I
359 2043 430 2083 21.
448 2039 488 2083 V
503 2054 548 2096 p.
568 2042 625 2083 60
642 2039 782 2083 Giles.
794 2040 959 2096 Asper.
976 2054 1018 2096 p.
1037 2042 1121 2083 309
1133 2039 1268 2082 Lind.
1287 2055 1330 2095 p.
1350 2043 1460 2083 1725
1476 2039 1526 2084 P.
1541 2039 1614 2095 (ef.
1630 2058 1766 2098 supra
1783 2058 1824 2098 p.
1838 2041 1968 2093 100):
2001 2054 2152 2097 gram-

324 2099 493 2142 matica
524 2101 597 2142 est
629 2098 822 2141 scientia
861 2102 990 2142 recte
1030 2099 1265 2142 scribendi
1309 2099 1584 2142 enuntiandi
1620 2098 2053 2155 interpretandique
2083 2113 2154 2142 ra·

327 2159 504 2203 tionem
535 2158 621 2215 (sie
653 2161 746 2201 cod.
775 2162 974 2202 Vatican.
999 2163 1115 2204 1492
1137 2157 1296 2215 chart.)
1331 2159 1598 2202 uerborum.
1659 2173 1799 2214 quam
1829 2157 2152 2201 Terentius

326 2217 394 2274 (et
426 2219 525 2260 add.
565 2216 682 2274 Vae.)
724 2216 914 2261 Varro
948 2217 1151 2273 primum
1183 2218 1238 2260 ut
1269 2217 1418 2260 adhuc
1449 2217 1614 2260 rudem
1643 2216 1927 2273 appellatam
1956 2231 2058 2261 esse
2087 2217 2154 2261 di-

325 2277 392 2319 cit
422 2275 763 2320 litterationem
795 2276 1133 2332 (litteraturam
1172 2276 1300 2333 Van).
1331 2277 1495 2320 Isidor.
1528 2276 1647 2334 orig.
1683 2276 1704 2318 I
1739 2279 1779 2328 3,
1817 2279 1863 2319 1:
1897 2275 2155 2332 primordia

326 2336 658 2393 grammaticae
689 2335 806 2378 artis
838 2335 1026 2379 litterae
1060 2350 1326 2379 communes
1359 2337 1583 2387 existunt,
1625 2350 1736 2391 quas
1767 2334 1950 2379 librarii
1979 2337 2028 2378 et
2062 2334 2154 2379 cal·

325 2395 561 2438 culatores
597 2397 837 2438 secuntur.
896 2409 1094 2450 quorum
1125 2394 1372 2450 disciplina
1405 2395 1536 2438 uelut
1567 2394 1794 2450 quaedam
1823 2394 2154 2450 grammaticae

323 2456 439 2498 artis
471 2454 667 2497 infantia
698 2456 785 2506 est,
818 2454 941 2497 unde
973 2457 1023 2497 et
1054 2454 1361 2498 eamVarro
1393 2454 1736 2497 litterationem
1764 2456 1916 2496 uocat.
1949 2453 2152 2509 cs.I5‚l.

324 2513 655 2569 Diom.p.421‚
675 2516 726 2557 9:
760 2513 934 2556 artium
964 2527 1137 2569 genera
1175 2517 1283 2557 sunt
1313 2513 1463 2570 plura,
1497 2527 1694 2568 quarum
1724 2511 2027 2569 grammatice
2057 2511 2156 2556 sola

325 2572 548 2616 litteralis
583 2575 669 2625 est,
703 2587 760 2615 ex
791 2587 881 2628 qua
914 2572 1150 2615 rhetorice
1182 2576 1231 2616 et
1261 2572 1447 2629 poetice
1477 2572 1753 2615 consistunt.
1822 2571 1996 2615 idcirco
2029 2570 2155 2615 litte-

322 2632 434 2676 ralis
466 2632 606 2684 dicta,
641 2631 765 2687 quod
797 2647 823 2674 a
851 2631 1026 2675 litteris
1057 2631 1267 2688 incipiat.
1326 2646 1435 2675 nam
1466 2634 1515 2674 et
1545 2630 1876 2688 grammaticus
1907 2630 2051 2674 latine
2078 2629 2155 2674 lit-

322 2694 507 2736 terator
544 2693 616 2734 est
651 2690 917 2746 appellatus
951 2693 998 2733 et
1029 2691 1334 2747 grammatica
1374 2690 1660 2742 litteratura,
1705 2703 1821 2745 quae
1862 2689 2060 2733 formam
2089 2688 2156 2733 lo—

324 2750 497 2807 quendi
533 2749 592 2793 ad
625 2753 805 2793 certam
835 2750 1068 2793 rationem
1102 2750 1280 2807 dirigit.
1343 2749 1499 2803 Quint.
1530 2749 1574 2792 H
1608 2752 1645 2801 1,
1673 2751 1724 2791 4:
1758 2751 1806 2792 et
1837 2747 2152 2806 grammatice,

327 2823 464 2865 quam
497 2808 546 2851 in
573 2808 773 2851 latinum
803 2808 1144 2852 transferentes
1188 2809 1506 2852 litteraturam
1547 2809 1850 2858 uocauerunt,
1891 2805 2006 2849 fines
2046 2819 2153 2848 suos

321 2869 461 2920 norit,
494 2867 779 2923 praesertim
810 2870 997 2910 tantum
1027 2868 1085 2910 ab
1120 2867 1207 2910 hac
1251 2866 1578 2923 appellationis
1612 2879 1721 2908 suae
1749 2866 2042 2920 paupertate,
2086 2864 2155 2907 in-

323 2929 402 2970 tra
442 2940 580 2981 quam
620 2926 763 2982 primi
804 2925 875 2969 illi
919 2926 1190 2977 constitere,
1237 2927 1478 2981 prouecta.
1550 2938 1657 2967 nam
1687 2924 1841 2966 tenuis
1871 2937 1898 2966 a
1928 2922 2057 2966 fonte
2087 2937 2156 2967 as-

324 2985 522 3041 sumptis
557 2985 895 3028 historicorum
927 2985 1290 3039 criticorumque
1336 2984 1517 3027 uiribus
1560 2982 1698 3038 pleno
1738 2982 1831 3025 iam
1863 2982 1977 3025 satis
2020 2981 2154 3026 alueo

322 3045 439 3096 fluit,
474 3058 585 3088 cum
618 3046 810 3100 praeter
842 3042 1074 3086 rationem
1107 3046 1237 3086 recte
1271 3042 1491 3098 loquendi
1520 3055 1615 3085 non
1653 3055 1820 3096 parum
1863 3039 2037 3096 alioqui
2080 3054 2155 3084 co-

322 3104 502 3161 piosam
533 3117 682 3159 prope
715 3102 923 3146 omnium
957 3104 1264 3145 maximarum
1295 3102 1467 3145 artium
1498 3101 1742 3144 scientiam
1771 3099 1985 3156 amplexa
2016 3099 2094 3143 sit.

493 3186 563 3227 93.
627 3183 779 3226 Diom.
809 3165 975 3238 ps426,
1008 3184 1088 3224 21:
1125 3179 1553 3224 Grammaticae
1585 3178 1804 3223 officia
1837 3213 1846 3222 .
1874 3214 1884 3223 .
1922 3177 2152 3222 -lectio

323 3247 416 3287 est
453 3242 715 3286 artificialis
747 3240 1079 3298 interpretatio
1120 3240 1198 3283 uel
1242 3240 1411 3283 uaria
1453 3239 1744 3294 cuiusque
1780 3269 1788 3277 .
1825 3271 1834 3281 .
1869 3271 1878 3281 .
1909 3251 2155 3281 enarra—

321 3303 411 3346 tio
446 3306 537 3346 est
569 3303 876 3346 obscurorum
907 3314 1125 3345 sensuum
1150 3299 1532 3356 quaestionumue
1564 3296 1830 3355 explanatio
1850 3296 1930 3341 uel
1964 3309 2029 3340 ex
2040 3295 2154 3354 q'ui·

465 3457 525 3501 12
564 3450 1006 3517 expremensqueA
1029 3450 1356 3516 expmensque
1373 3450 1440 3499 M
1469 3421 1988 3513 expraemensqueBll
2016 3446 2150 3502 12—÷

320 3540 370 3585 p.
394 3526 556 3583 211,1
601 3523 800 3586 cuisque
837 3522 1054 3571 narratio
1089 3520 1138 3570 A
1173 3521 1315 3569 'cuius
1350 3520 1567 3568 narratio
1600 3517 1719 3567 ΒΜ
1741 3520 1768 3579 Η
