<?xml version="1.0" encoding="UTF-8"?>
<!DOCTYPE html PUBLIC "-//W3C//DTD XHTML 1.0 Transitional//EN"
    "http://www.w3.org/TR/xhtml1/DTD/xhtml1-transitional.dtd">
<html xmlns="http://www.w3.org/1999/xhtml" xml:lang="en" lang="en">
 <head>
  <title>
</title>
<meta http-equiv="Content-Type" content="text/html;charset=utf-8" />
  <meta name='ocr-system' content='tesseract 3.04.00' />
  <meta name='ocr-capabilities' content='ocr_page ocr_carea ocr_par ocr_line ocrx_word'/>
</head>
<body>
  <div class='ocr_page' id='page_1' title='image "./demterentivarron00wilmuoft_0150.png"; bbox 0 0 2222 4056; ppageno 0'>
   <div class='ocr_carea' id='block_1_1' title="bbox 1143 348 1299 426">
    <p class='ocr_par' dir='ltr' id='par_1_1' title="bbox 1143 348 1299 426">
     <span class='ocr_line' id='line_1_1' title="bbox 1143 348 1299 426; baseline 0 -33"><span class='ocrx_word' id='word_1_1' title='bbox 1143 348 1240 394; x_wconf 80' lang='lat'><em>138</em></span> <span class='ocrx_word' id='word_1_2' title='bbox 1286 416 1299 426; x_wconf 49' lang='lat'><em>-</em></span> 
     </span>
    </p>
   </div>
   <div class='ocr_carea' id='block_1_2' title="bbox 271 489 2104 3533">
    <p class='ocr_par' dir='ltr' id='par_1_2' title="bbox 271 489 2104 3533">
     <span class='ocr_line' id='line_1_2' title="bbox 280 489 2099 562; baseline 0.002 -19"><span class='ocrx_word' id='word_1_3' title='bbox 280 511 389 543; x_wconf 86' lang='lat' dir='ltr'><em>nam</em></span> <span class='ocrx_word' id='word_1_4' title='bbox 418 511 449 542; x_wconf 93' lang='lat' dir='ltr'><em>a</em></span> <span class='ocrx_word' id='word_1_5' title='bbox 479 496 711 555; x_wconf 82' lang='lat' dir='ltr'><em>protinus</em></span> <span class='ocrx_word' id='word_1_6' title='bbox 749 496 1108 543; x_wconf 73' lang='lat' dir='ltr'><em>continuitatem</em></span> <span class='ocrx_word' id='word_1_7' title='bbox 1133 494 1415 555; x_wconf 69' lang='lat' dir='ltr'><em>siqnificans</em></span> <span class='ocrx_word' id='word_1_8' title='bbox 1446 489 1550 540; x_wconf 88' lang='lat' dir='ltr'><em>nisi</em></span> <span class='ocrx_word' id='word_1_9' title='bbox 1580 489 1697 559; x_wconf 87' lang='lat' dir='ltr'><em>ipse</em></span> <span class='ocrx_word' id='word_1_10' title='bbox 1725 490 2099 562; x_wconf 79' lang='lat' dir='ltr'><em>adscripsisset</em></span> 
     </span>
     <span class='ocr_line' id='line_1_3' title="bbox 281 579 2098 649; baseline 0.002 -17"><span class='ocrx_word' id='word_1_11' title='bbox 281 581 476 632; x_wconf 87' lang='lat' dir='ltr'><em>librum</em></span> <span class='ocrx_word' id='word_1_12' title='bbox 512 580 577 631; x_wconf 86' lang='lat' dir='ltr'><em>de</em></span> <span class='ocrx_word' id='word_1_13' title='bbox 610 581 645 632; x_wconf 90' lang='lat' dir='ltr'><em>l.</em></span> <span class='ocrx_word' id='word_1_14' title='bbox 671 579 975 648; x_wconf 77' lang='lat' dir='ltr'>1.VI[(107</span> <span class='ocrx_word' id='word_1_15' title='bbox 998 598 1051 649; x_wconf 91' lang='lat' dir='ltr'><em>p.</em></span> <span class='ocrx_word' id='word_1_16' title='bbox 1071 579 1214 649; x_wconf 83' lang='lat'><strong>385),</strong></span> <span class='ocrx_word' id='word_1_17' title='bbox 1251 579 1323 633; x_wconf 85' lang='lat' dir='ltr'><em>ita</em></span> <span class='ocrx_word' id='word_1_18' title='bbox 1362 579 1454 631; x_wconf 88' lang='lat' dir='ltr'><em>diu</em></span> <span class='ocrx_word' id='word_1_19' title='bbox 1492 580 1751 648; x_wconf 83' lang='lat' dir='ltr'><em>quaesiui,</em></span> <span class='ocrx_word' id='word_1_20' title='bbox 1787 581 1932 637; x_wconf 79' lang='lat' dir='ltr'><em>unde</em></span> <span class='ocrx_word' id='word_1_21' title='bbox 1962 582 2098 637; x_wconf 82' lang='lat' dir='ltr'><em>haee</em></span> 
     </span>
     <span class='ocr_line' id='line_1_4' title="bbox 281 667 2097 740; baseline 0.003 -18"><span class='ocrx_word' id='word_1_22' title='bbox 281 671 568 740; x_wconf 78' lang='lat' dir='ltr'>explicatio</span> <span class='ocrx_word' id='word_1_23' title='bbox 607 678 749 724; x_wconf 74' lang='lat' dir='ltr'><em>osset</em></span> <span class='ocrx_word' id='word_1_24' title='bbox 788 671 1105 723; x_wconf 81' lang='lat' dir='ltr'>scholiastae</span> <span class='ocrx_word' id='word_1_25' title='bbox 1143 670 1235 739; x_wconf 88' lang='lat' dir='ltr'><em>qui</em></span> <span class='ocrx_word' id='word_1_26' title='bbox 1270 669 1465 722; x_wconf 83' lang='lat' dir='ltr'><em>dieitur</em></span> <span class='ocrx_word' id='word_1_27' title='bbox 1494 667 1789 740; x_wconf 81' lang='lat' dir='ltr'><em>Cruquiani</em></span> <span class='ocrx_word' id='word_1_28' title='bbox 1821 671 1888 724; x_wconf 79' lang='lat' dir='ltr'><em>ad</em></span> <span class='ocrx_word' id='word_1_29' title='bbox 1907 672 2097 728; x_wconf 72' lang='lat' dir='ltr'><em>Horat.</em></span> 
     </span>
     <span class='ocr_line' id='line_1_5' title="bbox 282 757 2099 835; baseline 0 -20"><span class='ocrx_word' id='word_1_30' title='bbox 282 765 433 835; x_wconf 81' lang='lat' dir='ltr'><strong>epist.</strong></span> <span class='ocrx_word' id='word_1_31' title='bbox 457 762 481 814; x_wconf 95' lang='lat' dir='ltr'>I</span> <span class='ocrx_word' id='word_1_32' title='bbox 504 763 552 829; x_wconf 81' lang='grc'><em>2,</em></span> <span class='ocrx_word' id='word_1_33' title='bbox 573 763 639 815; x_wconf 85' lang='grc'><em>28</em></span> <span class='ocrx_word' id='word_1_34' title='bbox 687 769 845 815; x_wconf 81' lang='lat' dir='ltr'><em>Varro</em></span> <span class='ocrx_word' id='word_1_35' title='bbox 867 768 1124 815; x_wconf 76' lang='lat' dir='ltr'><em>nebulones</em></span> <span class='ocrx_word' id='word_1_36' title='bbox 1147 770 1288 814; x_wconf 88' lang='lat' dir='ltr'><em>uocat</em></span> <span class='ocrx_word' id='word_1_37' title='bbox 1309 767 1508 814; x_wconf 77' lang='lat' dir='ltr'><em>obscuro</em></span> <span class='ocrx_word' id='word_1_38' title='bbox 1535 766 1635 814; x_wconf 81' lang='lat' dir='ltr'><em>loco</em></span> <span class='ocrx_word' id='word_1_39' title='bbox 1657 769 1811 823; x_wconf 72' lang='lat' dir='ltr'><em>nato-9,</em></span> <span class='ocrx_word' id='word_1_40' title='bbox 1845 757 2016 815; x_wconf 80' lang='lat' dir='ltr'><em>donee</em></span> <span class='ocrx_word' id='word_1_41' title='bbox 2038 763 2099 818; x_wconf 86' lang='lat' dir='ltr'><em>in</em></span> 
     </span>
     <span class='ocr_line' id='line_1_6' title="bbox 279 849 2099 920; baseline 0.002 -15"><span class='ocrx_word' id='word_1_42' title='bbox 279 854 421 906; x_wconf 83' lang='lat' dir='ltr'><em>hune</em></span> <span class='ocrx_word' id='word_1_43' title='bbox 465 851 799 905; x_wconf 85' lang='lat' dir='ltr'><em>Columellae</em></span> <span class='ocrx_word' id='word_1_44' title='bbox 851 852 1028 904; x_wconf 86' lang='lat' dir='ltr'><em>locum</em></span> <span class='ocrx_word' id='word_1_45' title='bbox 1083 849 1438 920; x_wconf 83' lang='lat' dir='ltr'>(V11116,4)</span> <span class='ocrx_word' id='word_1_46' title='bbox 1478 849 1666 902; x_wconf 82' lang='lat' dir='ltr'><em>incidi:</em></span> <span class='ocrx_word' id='word_1_47' title='bbox 1719 858 1883 918; x_wconf 77' lang='lat' dir='ltr'><em>itaque</em></span> <span class='ocrx_word' id='word_1_48' title='bbox 1923 858 2099 909; x_wconf 79' lang='lat' dir='ltr'><em>Teren-</em></span> 
     </span>
     <span class='ocr_line' id='line_1_7' title="bbox 278 946 2100 1009; baseline 0.002 -13"><span class='ocrx_word' id='word_1_49' title='bbox 278 952 373 997; x_wconf 87' lang='lat' dir='ltr'><em>tius</em></span> <span class='ocrx_word' id='word_1_50' title='bbox 418 949 574 997; x_wconf 81' lang='lat' dir='ltr'><em>Varro</em></span> <span class='ocrx_word' id='word_1_51' title='bbox 622 949 788 996; x_wconf 80' lang='lat' dir='ltr'><em>nullus</em></span> <span class='ocrx_word' id='word_1_52' title='bbox 825 951 897 996; x_wconf 88' lang='lat' dir='ltr'><em>est</em></span> <span class='ocrx_word' id='word_1_53' title='bbox 926 947 1086 1007; x_wconf 79' lang='lat' dir='ltr'><em>inquit</em></span> <span class='ocrx_word' id='word_1_54' title='bbox 1122 948 1210 995; x_wconf 77' lang='lat' dir='ltr'><em>hoc</em></span> <span class='ocrx_word' id='word_1_55' title='bbox 1250 946 1409 995; x_wconf 82' lang='lat' dir='ltr'><em>seculo</em></span> <span class='ocrx_word' id='word_1_56' title='bbox 1447 947 1621 994; x_wconf 83' lang='lat' dir='ltr'><em>nebulo</em></span> <span class='ocrx_word' id='word_1_57' title='bbox 1655 961 1714 996; x_wconf 88' lang='lat' dir='ltr'><em>ae</em></span> <span class='ocrx_word' id='word_1_58' title='bbox 1753 947 1964 1006; x_wconf 54' lang='lat' dir='ltr'><em>winton,</em></span> <span class='ocrx_word' id='word_1_59' title='bbox 2017 951 2100 1009; x_wconf 76' lang='lat' dir='ltr'><em>qui</em></span> 
     </span>
     <span class='ocr_line' id='line_1_8' title="bbox 277 1037 2100 1098; baseline 0 -11"><span class='ocrx_word' id='word_1_60' title='bbox 277 1054 373 1088; x_wconf 89' lang='lat' dir='ltr'><em>non</em></span> <span class='ocrx_word' id='word_1_61' title='bbox 403 1040 502 1087; x_wconf 84' lang='lat' dir='ltr'><em>iam</em></span> <span class='ocrx_word' id='word_1_62' title='bbox 537 1040 685 1087; x_wconf 84' lang='lat' dir='ltr'><em>ducat</em></span> <span class='ocrx_word' id='word_1_63' title='bbox 716 1038 840 1086; x_wconf 76' lang='lat' dir='ltr'><em>nihil</em></span> <span class='ocrx_word' id='word_1_64' title='bbox 876 1052 968 1085; x_wconf 88' lang='lat' dir='ltr'><em>sua</em></span> <span class='ocrx_word' id='word_1_65' title='bbox 998 1039 1240 1094; x_wconf 72' lang='lat' dir='ltr'><em>interesse,</em></span> <span class='ocrx_word' id='word_1_66' title='bbox 1293 1040 1458 1085; x_wconf 85' lang='lat' dir='ltr'><em>utrum</em></span> <span class='ocrx_word' id='word_1_67' title='bbox 1506 1037 1739 1086; x_wconf 82' lang='lat' dir='ltr'><em>eiusmodi</em></span> <span class='ocrx_word' id='word_1_68' title='bbox 1778 1039 1999 1098; x_wconf 73' lang='lat' dir='ltr'><em>piscibus</em></span> <span class='ocrx_word' id='word_1_69' title='bbox 2033 1053 2100 1087; x_wconf 88' lang='lat' dir='ltr'><em>an</em></span> 
     </span>
     <span class='ocr_line' id='line_1_9' title="bbox 276 1122 2097 1193; baseline -0.001 -16"><span class='ocrx_word' id='word_1_70' title='bbox 276 1131 415 1177; x_wconf 80' lang='lat' dir='ltr'><em>ranis</em></span> <span class='ocrx_word' id='word_1_71' title='bbox 456 1129 683 1189; x_wconf 76' lang='lat' dir='ltr'><em>frequens</em></span> <span class='ocrx_word' id='word_1_72' title='bbox 726 1129 867 1176; x_wconf 77' lang='lat' dir='ltr'><em>habet</em></span> <span class='ocrx_word' id='word_1_73' title='bbox 903 1128 1166 1184; x_wconf 84' lang='lat' dir='ltr'><em>uinarium,</em></span> <span class='ocrx_word' id='word_1_74' title='bbox 1223 1139 1358 1190; x_wconf 86' lang='lat' dir='ltr'><em>quae</em></span> <span class='ocrx_word' id='word_1_75' title='bbox 1410 1122 1653 1193; x_wconf 82' lang='lat' dir='ltr'><em>excripta</em></span> <span class='ocrx_word' id='word_1_76' title='bbox 1703 1129 1843 1191; x_wconf 76' lang='lat' dir='ltr'><em>sunt,</em></span> <span class='ocrx_word' id='word_1_77' title='bbox 1899 1123 1944 1175; x_wconf 87' lang='lat' dir='ltr'><em>si</em></span> <span class='ocrx_word' id='word_1_78' title='bbox 1990 1123 2097 1176; x_wconf 83' lang='lat' dir='ltr'><em>tale</em></span> 
     </span>
     <span class='ocr_line' id='line_1_10' title="bbox 278 1212 2096 1285; baseline 0.001 -21"><span class='ocrx_word' id='word_1_79' title='bbox 278 1213 405 1285; x_wconf 86' lang='lat' dir='ltr'><em>quid</em></span> <span class='ocrx_word' id='word_1_80' title='bbox 440 1213 718 1265; x_wconf 82' lang='lat' dir='ltr'><em>excribere</em></span> <span class='ocrx_word' id='word_1_81' title='bbox 758 1212 936 1266; x_wconf 78' lang='lat' dir='ltr'><em>dicere</em></span> <span class='ocrx_word' id='word_1_82' title='bbox 965 1214 1042 1265; x_wconf 86' lang='lat' dir='ltr'><em>fas</em></span> <span class='ocrx_word' id='word_1_83' title='bbox 1073 1220 1168 1280; x_wconf 82' lang='lat' dir='ltr'><em>est,</em></span> <span class='ocrx_word' id='word_1_84' title='bbox 1209 1231 1280 1265; x_wconf 86' lang='lat' dir='ltr'><em>ex</em></span> <span class='ocrx_word' id='word_1_85' title='bbox 1297 1212 1561 1265; x_wconf 82' lang='lat' dir='ltr'><em>Varronis</em></span> <span class='ocrx_word' id='word_1_86' title='bbox 1589 1230 1693 1265; x_wconf 73' lang='lat' dir='ltr'><em>ren.</em></span> <span class='ocrx_word' id='word_1_87' title='bbox 1721 1219 1852 1266; x_wconf 85' lang='lat' dir='ltr'><em>rust.</em></span> <span class='ocrx_word' id='word_1_88' title='bbox 1873 1213 2096 1280; x_wconf 85' lang='lat'><strong>1113,9:</strong></span> 
     </span>
     <span class='ocr_line' id='line_1_11' title="bbox 276 1309 2098 1370; baseline 0.001 -14"><span class='ocrx_word' id='word_1_89' title='bbox 276 1311 383 1370; x_wconf 77' lang='lat' dir='ltr'><em>quis</em></span> <span class='ocrx_word' id='word_1_90' title='bbox 415 1313 583 1358; x_wconf 88' lang='lat' dir='ltr'><em>contra</em></span> <span class='ocrx_word' id='word_1_91' title='bbox 628 1324 758 1357; x_wconf 86' lang='lat' dir='ltr'><em>nunc</em></span> <span class='ocrx_word' id='word_1_92' title='bbox 799 1310 996 1357; x_wconf 79' lang='lat' dir='ltr'><em>rbinton</em></span> <span class='ocrx_word' id='word_1_93' title='bbox 1030 1325 1127 1357; x_wconf 90' lang='lat' dir='ltr'><em>non</em></span> <span class='ocrx_word' id='word_1_94' title='bbox 1162 1310 1292 1366; x_wconf 81' lang='lat' dir='ltr'><em>dicit,</em></span> <span class='ocrx_word' id='word_1_95' title='bbox 1348 1324 1439 1357; x_wconf 88' lang='lat' dir='ltr'><em>sua</em></span> <span class='ocrx_word' id='word_1_96' title='bbox 1480 1309 1606 1357; x_wconf 76' lang='lat' dir='ltr'><em>nihil</em></span> <span class='ocrx_word' id='word_1_97' title='bbox 1637 1311 1880 1366; x_wconf 73' lang='lat' dir='ltr'><em>interesse,</em></span> <span class='ocrx_word' id='word_1_98' title='bbox 1935 1312 2098 1358; x_wconf 85' lang='lat' dir='ltr'><em>utrum</em></span> 
     </span>
     <span class='ocr_line' id='line_1_12' title="bbox 274 1393 2097 1466; baseline 0 -19"><span class='ocrx_word' id='word_1_99' title='bbox 274 1401 336 1448; x_wconf 83' lang='lat' dir='ltr'><em>iis</em></span> <span class='ocrx_word' id='word_1_100' title='bbox 355 1401 574 1460; x_wconf 83' lang='lat' dir='ltr'><em>piscibus</em></span> <span class='ocrx_word' id='word_1_101' title='bbox 593 1403 817 1461; x_wconf 71' lang='lat' dir='ltr'><em>staynum</em></span> <span class='ocrx_word' id='word_1_102' title='bbox 848 1402 1023 1449; x_wconf 77' lang='lat' dir='ltr'><em>habeat</em></span> <span class='ocrx_word' id='word_1_103' title='bbox 1049 1402 1254 1460; x_wconf 82' lang='lat' dir='ltr'><em>plenum</em></span> <span class='ocrx_word' id='word_1_104' title='bbox 1273 1415 1338 1449; x_wconf 90' lang='lat' dir='ltr'><em>an</em></span> <span class='ocrx_word' id='word_1_105' title='bbox 1359 1401 1529 1449; x_wconf 74' lang='lat' dir='ltr'><em>ranis?</em></span> <span class='ocrx_word' id='word_1_106' title='bbox 1566 1394 1774 1466; x_wconf 80' lang='lat' dir='ltr'><em>primae</em></span> <span class='ocrx_word' id='word_1_107' title='bbox 1810 1393 1868 1445; x_wconf 90' lang='lat' dir='ltr'><em>in</em></span> <span class='ocrx_word' id='word_1_108' title='bbox 1903 1394 2007 1446; x_wconf 79' lang='lat' dir='ltr'><em>hae</em></span> <span class='ocrx_word' id='word_1_109' title='bbox 2037 1411 2097 1447; x_wconf 84' lang='lat' dir='ltr'><em>re</em></span> 
     </span>
     <span class='ocr_line' id='line_1_13' title="bbox 276 1483 2098 1557; baseline 0 -20"><span class='ocrx_word' id='word_1_110' title='bbox 276 1484 602 1538; x_wconf 87' lang='lat' dir='ltr'><em>deferendae</em></span> <span class='ocrx_word' id='word_1_111' title='bbox 642 1492 767 1539; x_wconf 79' lang='lat' dir='ltr'><em>sunt</em></span> <span class='ocrx_word' id='word_1_112' title='bbox 797 1486 1102 1557; x_wconf 89' lang='lat' dir='ltr'><em>Pomponio</em></span> <span class='ocrx_word' id='word_1_113' title='bbox 1126 1484 1330 1539; x_wconf 81' lang='lat' dir='ltr'><em>Sabino</em></span> <span class='ocrx_word' id='word_1_114' title='bbox 1369 1493 1420 1538; x_wconf 82' lang='lat' dir='ltr'><em>et</em></span> <span class='ocrx_word' id='word_1_115' title='bbox 1441 1484 1679 1554; x_wconf 80' lang='lat' dir='ltr'><em>Cynthio</em></span> <span class='ocrx_word' id='word_1_116' title='bbox 1711 1483 2009 1538; x_wconf 80' lang='lat' dir='ltr'><em>Genetensi</em></span> <span class='ocrx_word' id='word_1_117' title='bbox 2041 1483 2098 1537; x_wconf 87' lang='lat' dir='ltr'><em>in</em></span> 
     </span>
     <span class='ocr_line' id='line_1_14' title="bbox 276 1574 2099 1648; baseline -0.001 -19"><span class='ocrx_word' id='word_1_118' title='bbox 276 1577 658 1630; x_wconf 84' lang='lat' dir='ltr'><em>conmentariis</em></span> <span class='ocrx_word' id='word_1_119' title='bbox 700 1576 1052 1648; x_wconf 83' lang='lat' dir='ltr'><em>Vergilianis,</em></span> <span class='ocrx_word' id='word_1_120' title='bbox 1107 1595 1240 1647; x_wconf 85' lang='lat' dir='ltr'><em>quos</em></span> <span class='ocrx_word' id='word_1_121' title='bbox 1290 1576 1464 1648; x_wconf 86' lang='lat' dir='ltr'><em>primo</em></span> <span class='ocrx_word' id='word_1_122' title='bbox 1505 1576 1694 1627; x_wconf 84' lang='lat' dir='ltr'><em>obtutu</em></span> <span class='ocrx_word' id='word_1_123' title='bbox 1732 1574 2099 1645; x_wconf 80' lang='lat' dir='ltr'><em>singularibus</em></span> 
     </span>
     <span class='ocr_line' id='line_1_15' title="bbox 276 1663 2100 1738; baseline 0.001 -21"><span class='ocrx_word' id='word_1_124' title='bbox 276 1667 514 1720; x_wconf 85' lang='lat' dir='ltr'><em>fontibus</em></span> <span class='ocrx_word' id='word_1_125' title='bbox 555 1686 678 1719; x_wconf 86' lang='lat' dir='ltr'><em>usos</em></span> <span class='ocrx_word' id='word_1_126' title='bbox 719 1684 836 1720; x_wconf 86' lang='lat' dir='ltr'><em>esse</em></span> <span class='ocrx_word' id='word_1_127' title='bbox 866 1674 1102 1738; x_wconf 84' lang='lat' dir='ltr'><em>putares,</em></span> <span class='ocrx_word' id='word_1_128' title='bbox 1141 1666 1338 1719; x_wconf 87' lang='lat' dir='ltr'><em>deinde</em></span> <span class='ocrx_word' id='word_1_129' title='bbox 1371 1665 1756 1735; x_wconf 73' lang='lat' dir='ltr'><em>neglegentiae</em></span> <span class='ocrx_word' id='word_1_130' title='bbox 1789 1664 1887 1719; x_wconf 86' lang='lat' dir='ltr'><em>has</em></span> <span class='ocrx_word' id='word_1_131' title='bbox 1921 1663 2100 1736; x_wconf 81' lang='lat' dir='ltr'><em>copias</em></span> 
     </span>
     <span class='ocr_line' id='line_1_16' title="bbox 277 1754 2097 1827; baseline -0.001 -18"><span class='ocrx_word' id='word_1_132' title='bbox 277 1756 465 1810; x_wconf 87' lang='lat' dir='ltr'><em>deberi</em></span> <span class='ocrx_word' id='word_1_133' title='bbox 493 1757 788 1827; x_wconf 79' lang='lat' dir='ltr'><em>intellegis,</em></span> <span class='ocrx_word' id='word_1_134' title='bbox 830 1757 1006 1809; x_wconf 87' lang='lat' dir='ltr'><em>Varro</em></span> <span class='ocrx_word' id='word_1_135' title='bbox 1041 1756 1230 1809; x_wconf 82' lang='lat' dir='ltr'><em>scribit</em></span> <span class='ocrx_word' id='word_1_136' title='bbox 1264 1755 1331 1807; x_wconf 87' lang='lat' dir='ltr'><em>de</em></span> <span class='ocrx_word' id='word_1_137' title='bbox 1357 1756 1392 1807; x_wconf 93' lang='lat' dir='ltr'><em>l.</em></span> <span class='ocrx_word' id='word_1_138' title='bbox 1414 1756 1447 1808; x_wconf 89' lang='lat' dir='ltr'><em>l.</em></span> <span class='ocrx_word' id='word_1_139' title='bbox 1468 1755 1520 1806; x_wconf 89' lang='lat' dir='ltr'><strong>V</strong></span> <span class='ocrx_word' id='word_1_140' title='bbox 1542 1754 1607 1805; x_wconf 98' lang='grc'><em>72</em></span> <span class='ocrx_word' id='word_1_141' title='bbox 1628 1774 1680 1826; x_wconf 90' lang='lat' dir='ltr'><em>p.</em></span> <span class='ocrx_word' id='word_1_142' title='bbox 1705 1755 1794 1808; x_wconf 80' lang='lat'><em>77:</em></span> <span class='ocrx_word' id='word_1_143' title='bbox 1818 1761 2097 1822; x_wconf 74' lang='lat' dir='ltr'><em>Neptunus,</em></span> 
     </span>
     <span class='ocr_line' id='line_1_17' title="bbox 276 1851 2104 1914; baseline -0.002 -12"><span class='ocrx_word' id='word_1_144' title='bbox 276 1855 405 1914; x_wconf 77' lang='lat' dir='ltr'><em>quod</em></span> <span class='ocrx_word' id='word_1_145' title='bbox 455 1868 590 1902; x_wconf 81' lang='lat' dir='ltr'><em>mare</em></span> <span class='ocrx_word' id='word_1_146' title='bbox 637 1858 797 1902; x_wconf 84' lang='lat' dir='ltr'><em>terras</em></span> <span class='ocrx_word' id='word_1_147' title='bbox 849 1855 1046 1902; x_wconf 83' lang='lat' dir='ltr'><em>obnubit</em></span> <span class='ocrx_word' id='word_1_148' title='bbox 1094 1856 1148 1901; x_wconf 92' lang='lat' dir='ltr'><em>ut</em></span> <span class='ocrx_word' id='word_1_149' title='bbox 1201 1853 1351 1901; x_wconf 87' lang='lat' dir='ltr'><em>nubes</em></span> <span class='ocrx_word' id='word_1_150' title='bbox 1393 1853 1590 1909; x_wconf 80' lang='lat' dir='ltr'><em>caelum,</em></span> <span class='ocrx_word' id='word_1_151' title='bbox 1650 1866 1681 1899; x_wconf 89' lang='lat' dir='ltr'><em>a</em></span> <span class='ocrx_word' id='word_1_152' title='bbox 1718 1854 1880 1911; x_wconf 90' lang='lat' dir='ltr'><em>nuptu</em></span> <span class='ocrx_word' id='word_1_153' title='bbox 1929 1851 1983 1899; x_wconf 82' lang='lat' dir='ltr'><em>id</em></span> <span class='ocrx_word' id='word_1_154' title='bbox 2034 1854 2104 1898; x_wconf 89' lang='lat' dir='ltr'><em>est</em></span> 
     </span>
     <span class='ocr_line' id='line_1_18' title="bbox 275 1940 2099 2006; baseline -0.002 -14"><span class='ocrx_word' id='word_1_155' title='bbox 275 1947 538 2005; x_wconf 83' lang='lat' dir='ltr'><em>opertione,</em></span> <span class='ocrx_word' id='word_1_156' title='bbox 577 1947 631 1991; x_wconf 91' lang='lat' dir='ltr'><em>ut</em></span> <span class='ocrx_word' id='word_1_157' title='bbox 647 1945 852 2006; x_wconf 77' lang='lat' dir='ltr'><em>antiqui,</em></span> <span class='ocrx_word' id='word_1_158' title='bbox 878 1959 906 1991; x_wconf 87' lang='lat' dir='ltr'><em>a</em></span> <span class='ocrx_word' id='word_1_159' title='bbox 931 1959 1024 2004; x_wconf 77' lang='lat' dir='ltr'><em>quo</em></span> <span class='ocrx_word' id='word_1_160' title='bbox 1061 1944 1277 2003; x_wconf 87' lang='lat' dir='ltr'><em>nuptiae,</em></span> <span class='ocrx_word' id='word_1_161' title='bbox 1315 1946 1499 2002; x_wconf 89' lang='lat' dir='ltr'><em>nuptus</em></span> <span class='ocrx_word' id='word_1_162' title='bbox 1534 1943 1706 1991; x_wconf 83' lang='lat' dir='ltr'><em>dictus.</em></span> <span class='ocrx_word' id='word_1_163' title='bbox 1745 1941 1944 1990; x_wconf 78' lang='lat' dir='ltr'><em>Salacia</em></span> <span class='ocrx_word' id='word_1_164' title='bbox 1961 1940 2099 2000; x_wconf 88' lang='lat' dir='ltr'><em>Nep-</em></span> 
     </span>
     <span class='ocr_line' id='line_1_19' title="bbox 276 2024 2101 2100; baseline -0.001 -17"><span class='ocrx_word' id='word_1_165' title='bbox 276 2036 381 2083; x_wconf 85' lang='lat' dir='ltr'><em>tuni</em></span> <span class='ocrx_word' id='word_1_166' title='bbox 419 2050 450 2082; x_wconf 91' lang='lat' dir='ltr'><em>a</em></span> <span class='ocrx_word' id='word_1_167' title='bbox 484 2035 601 2083; x_wconf 84' lang='lat' dir='ltr'><em>salo.</em></span> <span class='ocrx_word' id='word_1_168' title='bbox 678 2028 806 2081; x_wconf 85' lang='lat' dir='ltr'><em>inde</em></span> <span class='ocrx_word' id='word_1_169' title='bbox 861 2028 1042 2082; x_wconf 84' lang='lat' dir='ltr'><em>effecit</em></span> <span class='ocrx_word' id='word_1_170' title='bbox 1079 2027 1411 2100; x_wconf 87' lang='lat' dir='ltr'><em>Pomponius</em></span> <span class='ocrx_word' id='word_1_171' title='bbox 1465 2027 1533 2080; x_wconf 87' lang='lat' dir='ltr'><em>ad</em></span> <span class='ocrx_word' id='word_1_172' title='bbox 1569 2027 1739 2096; x_wconf 84' lang='lat' dir='ltr'><em>Verg.</em></span> <span class='ocrx_word' id='word_1_173' title='bbox 1778 2025 1922 2080; x_wconf 85' lang='lat' dir='ltr'><em>Aen.</em></span> <span class='ocrx_word' id='word_1_174' title='bbox 1945 2024 1974 2077; x_wconf 96' lang='lat' dir='ltr'>I</span> <span class='ocrx_word' id='word_1_175' title='bbox 2001 2025 2101 2082; x_wconf 76' lang='lat'><em>125</em></span> 
     </span>
     <span class='ocr_line' id='line_1_20' title="bbox 273 2118 2102 2190; baseline -0.001 -19"><span class='ocrx_word' id='word_1_176' title='bbox 273 2118 450 2190; x_wconf 79' lang='lat' dir='ltr'><em>p.236</em></span> <span class='ocrx_word' id='word_1_177' title='bbox 498 2119 580 2172; x_wconf 89' lang='lat' dir='ltr'><em>ed.</em></span> <span class='ocrx_word' id='word_1_178' title='bbox 622 2118 768 2173; x_wconf 67' lang='lat' dir='ltr'><em>Bas:</em></span> <span class='ocrx_word' id='word_1_179' title='bbox 832 2125 990 2174; x_wconf 80' lang='lat' dir='ltr'><em>Varro</em></span> <span class='ocrx_word' id='word_1_180' title='bbox 1029 2126 1100 2172; x_wconf 89' lang='lat' dir='ltr'><em>ait</em></span> <span class='ocrx_word' id='word_1_181' title='bbox 1130 2125 1392 2184; x_wconf 76' lang='lat' dir='ltr'><em>Neptunus</em></span> <span class='ocrx_word' id='word_1_182' title='bbox 1439 2125 1621 2172; x_wconf 80' lang='lat' dir='ltr'><em>dicitur</em></span> <span class='ocrx_word' id='word_1_183' title='bbox 1674 2139 1706 2172; x_wconf 90' lang='lat' dir='ltr'><em>a</em></span> <span class='ocrx_word' id='word_1_184' title='bbox 1746 2127 1897 2184; x_wconf 87' lang='lat' dir='ltr'><em>neptu</em></span> <span class='ocrx_word' id='word_1_185' title='bbox 1931 2123 1986 2171; x_wconf 83' lang='lat' dir='ltr'><em>id</em></span> <span class='ocrx_word' id='word_1_186' title='bbox 2033 2125 2102 2171; x_wconf 83' lang='lat' dir='ltr'><em>est</em></span> 
     </span>
     <span class='ocr_line' id='line_1_21' title="bbox 273 2214 2101 2276; baseline -0.001 -12"><span class='ocrx_word' id='word_1_187' title='bbox 273 2217 481 2275; x_wconf 89' lang='lat' dir='ltr'><em>optione,</em></span> <span class='ocrx_word' id='word_1_188' title='bbox 518 2216 648 2276; x_wconf 80' lang='lat' dir='ltr'><em>quod</em></span> <span class='ocrx_word' id='word_1_189' title='bbox 681 2219 734 2263; x_wconf 91' lang='lat' dir='ltr'><em>ut</em></span> <span class='ocrx_word' id='word_1_190' title='bbox 767 2216 948 2264; x_wconf 81' lang='lat' dir='ltr'><em>coelum</em></span> <span class='ocrx_word' id='word_1_191' title='bbox 982 2217 1146 2270; x_wconf 74' lang='lat' dir='ltr'><em>nubeS,</em></span> <span class='ocrx_word' id='word_1_192' title='bbox 1184 2218 1254 2264; x_wconf 90' lang='lat' dir='ltr'><em>ita</em></span> <span class='ocrx_word' id='word_1_193' title='bbox 1289 2230 1422 2264; x_wconf 83' lang='lat' dir='ltr'><em>mare</em></span> <span class='ocrx_word' id='word_1_194' title='bbox 1462 2219 1622 2263; x_wconf 82' lang='lat' dir='ltr'><em>terras</em></span> <span class='ocrx_word' id='word_1_195' title='bbox 1656 2216 1903 2264; x_wconf 85' lang='lat' dir='ltr'><em>obnubuit.</em></span> <span class='ocrx_word' id='word_1_196' title='bbox 1956 2214 2101 2265; x_wconf 67' lang='lat' dir='ltr'><em>decti-</em></span> 
     </span>
     <span class='ocr_line' id='line_1_22' title="bbox 272 2304 2099 2365; baseline -0.001 -12"><span class='ocrx_word' id='word_1_197' title='bbox 272 2307 421 2354; x_wconf 85' lang='lat' dir='ltr'><em>natur</em></span> <span class='ocrx_word' id='word_1_198' title='bbox 454 2308 631 2365; x_wconf 90' lang='lat' dir='ltr'><em>neptus</em></span> <span class='ocrx_word' id='word_1_199' title='bbox 668 2308 744 2353; x_wconf 90' lang='lat' dir='ltr'><em>tus</em></span> <span class='ocrx_word' id='word_1_200' title='bbox 780 2307 864 2353; x_wconf 85' lang='lat' dir='ltr'><em>tui.</em></span> <span class='ocrx_word' id='word_1_201' title='bbox 908 2308 1010 2353; x_wconf 86' lang='lat' dir='ltr'><em>eius</em></span> <span class='ocrx_word' id='word_1_202' title='bbox 1046 2306 1291 2365; x_wconf 66' lang='lat' dir='ltr'><em>sacrificia</em></span> <span class='ocrx_word' id='word_1_203' title='bbox 1329 2307 1560 2355; x_wconf 81' lang='lat' dir='ltr'><em>dicuntur·</em></span> <span class='ocrx_word' id='word_1_204' title='bbox 1594 2306 1774 2354; x_wconf 84' lang='lat' dir='ltr'><em>salatia</em></span> <span class='ocrx_word' id='word_1_205' title='bbox 1813 2319 1846 2353; x_wconf 88' lang='lat' dir='ltr'><em>a</em></span> <span class='ocrx_word' id='word_1_206' title='bbox 1884 2304 2003 2353; x_wconf 84' lang='lat' dir='ltr'><em>salo.</em></span> <span class='ocrx_word' id='word_1_207' title='bbox 2069 2315 2099 2351; x_wconf 81' lang='lat' dir='ltr'><em>e</em></span> 
     </span>
     <span class='ocr_line' id='line_1_23' title="bbox 274 2389 2100 2461; baseline 0.003 -21"><span class='ocrx_word' id='word_1_208' title='bbox 274 2389 535 2445; x_wconf 80' lang='lat' dir='ltr'><em>Varronis</em></span> <span class='ocrx_word' id='word_1_209' title='bbox 580 2390 598 2455; x_wconf 81' lang='lat'><em>&lt;</em></span> <span class='ocrx_word' id='word_1_210' title='bbox 607 2389 658 2441; x_wconf 84' lang='lat' dir='ltr'><strong>V</strong></span> <span class='ocrx_word' id='word_1_211' title='bbox 680 2389 745 2441; x_wconf 82' lang='lat'><em>73</em></span> <span class='ocrx_word' id='word_1_212' title='bbox 780 2409 832 2461; x_wconf 90' lang='lat' dir='ltr'><em>p.</em></span> <span class='ocrx_word' id='word_1_213' title='bbox 855 2389 944 2459; x_wconf 92' lang='grc'><em>78)</em></span> <span class='ocrx_word' id='word_1_214' title='bbox 986 2397 1145 2444; x_wconf 85' lang='lat' dir='ltr'><em>uirtus</em></span> <span class='ocrx_word' id='word_1_215' title='bbox 1181 2399 1234 2444; x_wconf 93' lang='lat' dir='ltr'><em>ut</em></span> <span class='ocrx_word' id='word_1_216' title='bbox 1268 2398 1370 2444; x_wconf 86' lang='lat' dir='ltr'><em>uiri</em></span> <span class='ocrx_word' id='word_1_217' title='bbox 1406 2397 1484 2444; x_wconf 90' lang='lat' dir='ltr'><em>uis</em></span> <span class='ocrx_word' id='word_1_218' title='bbox 1520 2411 1549 2444; x_wconf 85' lang='lat' dir='ltr'><em>a</em></span> <span class='ocrx_word' id='word_1_219' title='bbox 1591 2395 1828 2444; x_wconf 77' lang='lat' dir='ltr'><em>uirilitate</em></span> <span class='ocrx_word' id='word_1_220' title='bbox 1866 2389 2100 2461; x_wconf 84' lang='lat' dir='ltr'><em>primum</em></span> 
     </span>
     <span class='ocr_line' id='line_1_24' title="bbox 274 2479 2098 2552; baseline 0.001 -20"><span class='ocrx_word' id='word_1_221' title='bbox 274 2481 404 2533; x_wconf 82' lang='lat' dir='ltr'><em>fecit</em></span> <span class='ocrx_word' id='word_1_222' title='bbox 459 2479 725 2550; x_wconf 82' lang='lat' dir='ltr'><em>Cynthius</em></span> <span class='ocrx_word' id='word_1_223' title='bbox 772 2480 866 2551; x_wconf 84' lang='lat' dir='ltr'><em>(ad</em></span> <span class='ocrx_word' id='word_1_224' title='bbox 904 2481 1118 2535; x_wconf 85' lang='lat' dir='ltr'><em>Aen.V</em></span> <span class='ocrx_word' id='word_1_225' title='bbox 1150 2481 1254 2534; x_wconf 82' lang='lat'><em>344</em></span> <span class='ocrx_word' id='word_1_226' title='bbox 1291 2499 1343 2552; x_wconf 89' lang='lat' dir='ltr'><em>p.</em></span> <span class='ocrx_word' id='word_1_227' title='bbox 1368 2480 1491 2551; x_wconf 84' lang='grc'><em>112)</em></span> <span class='ocrx_word' id='word_1_228' title='bbox 1543 2488 1707 2535; x_wconf 82' lang='lat' dir='ltr'><em>uirtus</em></span> <span class='ocrx_word' id='word_1_229' title='bbox 1754 2500 1786 2534; x_wconf 88' lang='lat' dir='ltr'><em>a</em></span> <span class='ocrx_word' id='word_1_230' title='bbox 1830 2485 2098 2543; x_wconf 66' lang='lat' dir='ltr'><em>auiditate,</em></span> 
     </span>
     <span class='ocr_line' id='line_1_25' title="bbox 275 2570 2099 2642; baseline 0.001 -19"><span class='ocrx_word' id='word_1_231' title='bbox 275 2570 477 2624; x_wconf 85' lang='lat' dir='ltr'><em>deinde</em></span> <span class='ocrx_word' id='word_1_232' title='bbox 518 2579 659 2638; x_wconf 73' lang='lat' dir='ltr'><em>uiryo</em></span> <span class='ocrx_word' id='word_1_233' title='bbox 697 2579 880 2628; x_wconf 80' lang='lat' dir='ltr'><em>dicitur</em></span> <span class='ocrx_word' id='word_1_234' title='bbox 916 2593 946 2627; x_wconf 88' lang='lat' dir='ltr'><em>a</em></span> <span class='ocrx_word' id='word_1_235' title='bbox 993 2579 1248 2629; x_wconf 78' lang='lat' dir='ltr'><em>uiriditate</em></span> <span class='ocrx_word' id='word_1_236' title='bbox 1303 2571 1396 2641; x_wconf 79' lang='lat' dir='ltr'><em>(ad</em></span> <span class='ocrx_word' id='word_1_237' title='bbox 1430 2572 1574 2626; x_wconf 86' lang='lat' dir='ltr'><em>Aen.</em></span> <span class='ocrx_word' id='word_1_238' title='bbox 1594 2571 1680 2626; x_wconf 87' lang='lat' dir='ltr'><em>VI</em></span> <span class='ocrx_word' id='word_1_239' title='bbox 1696 2571 1766 2632; x_wconf 81' lang='lat'><em>45</em></span> <span class='ocrx_word' id='word_1_240' title='bbox 1817 2570 1987 2642; x_wconf 80' lang='grc' dir='ltr'><em>Ρ.128</em></span> <span class='ocrx_word' id='word_1_241' title='bbox 2031 2570 2099 2631; x_wconf 62' lang='lat' dir='ltr'><em>ef.</em></span> 
     </span>
     <span class='ocr_line' id='line_1_26' title="bbox 276 2661 2099 2734; baseline 0.001 -18"><span class='ocrx_word' id='word_1_242' title='bbox 276 2661 386 2716; x_wconf 90' lang='lat' dir='ltr'><em>VII</em></span> <span class='ocrx_word' id='word_1_243' title='bbox 406 2661 471 2714; x_wconf 90' lang='grc'><em>72</em></span> <span class='ocrx_word' id='word_1_244' title='bbox 505 2682 559 2734; x_wconf 89' lang='lat' dir='ltr'><em>p.</em></span> <span class='ocrx_word' id='word_1_245' title='bbox 582 2664 721 2734; x_wconf 87' lang='grc'>162).</span> <span class='ocrx_word' id='word_1_246' title='bbox 803 2663 1133 2734; x_wconf 88' lang='lat' dir='ltr'><em>Pomponius</em></span> <span class='ocrx_word' id='word_1_247' title='bbox 1177 2663 1270 2731; x_wconf 87' lang='lat' dir='ltr'><em>(ad</em></span> <span class='ocrx_word' id='word_1_248' title='bbox 1314 2663 1620 2718; x_wconf 80' lang='lat' dir='ltr'><em>Ge0.1166</em></span> <span class='ocrx_word' id='word_1_249' title='bbox 1661 2682 1712 2734; x_wconf 88' lang='lat' dir='ltr'><em>p.</em></span> <span class='ocrx_word' id='word_1_250' title='bbox 1728 2663 1793 2715; x_wconf 90' lang='grc'><em>78</em></span> <span class='ocrx_word' id='word_1_251' title='bbox 1829 2661 1913 2722; x_wconf 85' lang='lat' dir='ltr'><em>ed.</em></span> <span class='ocrx_word' id='word_1_252' title='bbox 1948 2661 2099 2732; x_wconf 83' lang='lat' dir='ltr'><em>Bas.)</em></span> 
     </span>
     <span class='ocr_line' id='line_1_27' title="bbox 274 2750 2100 2823; baseline -0.002 -17"><span class='ocrx_word' id='word_1_253' title='bbox 274 2755 457 2807; x_wconf 83' lang='lat' dir='ltr'><em>habet:</em></span> <span class='ocrx_word' id='word_1_254' title='bbox 486 2764 689 2822; x_wconf 70' lang='lat' dir='ltr'><em>mystica</em></span> <span class='ocrx_word' id='word_1_255' title='bbox 716 2763 945 2810; x_wconf 78' lang='lat' dir='ltr'><em>dicuntur</em></span> <span class='ocrx_word' id='word_1_256' title='bbox 971 2777 1001 2810; x_wconf 89' lang='lat' dir='ltr'><em>a</em></span> <span class='ocrx_word' id='word_1_257' title='bbox 1020 2763 1263 2823; x_wconf 70' lang='lat' dir='ltr'><em>mysteri0‚</em></span> <span class='ocrx_word' id='word_1_258' title='bbox 1299 2765 1356 2810; x_wconf 91' lang='lat' dir='ltr'><em>ut</em></span> <span class='ocrx_word' id='word_1_259' title='bbox 1377 2763 1538 2821; x_wconf 79' lang='lat' dir='ltr'><em>inquit</em></span> <span class='ocrx_word' id='word_1_260' title='bbox 1564 2761 1737 2818; x_wconf 82' lang='lat' dir='ltr'><em>Varro,</em></span> <span class='ocrx_word' id='word_1_261' title='bbox 1774 2752 1844 2807; x_wconf 85' lang='lat' dir='ltr'><em>ad</em></span> <span class='ocrx_word' id='word_1_262' title='bbox 1863 2750 2100 2813; x_wconf 79' lang='lat' dir='ltr'><em>eundem</em></span> 
     </span>
     <span class='ocr_line' id='line_1_28' title="bbox 273 2843 2101 2911; baseline 0.002 -16"><span class='ocrx_word' id='word_1_263' title='bbox 273 2861 492 2896; x_wconf 85' lang='lat' dir='ltr'><em>uersum</em></span> <span class='ocrx_word' id='word_1_264' title='bbox 528 2843 780 2899; x_wconf 83' lang='lat' dir='ltr'><em>Seruius:</em></span> <span class='ocrx_word' id='word_1_265' title='bbox 831 2864 1050 2898; x_wconf 79' lang='lat' dir='ltr'><em>uannus:</em></span> <span class='ocrx_word' id='word_1_266' title='bbox 1095 2851 1295 2911; x_wconf 69' lang='lat' dir='ltr'><em>lecimus</em></span> <span class='ocrx_word' id='word_1_267' title='bbox 1332 2853 1487 2898; x_wconf 86' lang='lat' dir='ltr'><em>tamen</em></span> <span class='ocrx_word' id='word_1_268' title='bbox 1536 2853 1580 2897; x_wconf 83' lang='lat' dir='ltr'><em>et</em></span> <span class='ocrx_word' id='word_1_269' title='bbox 1626 2849 1790 2898; x_wconf 82' lang='lat' dir='ltr'><em>uallus</em></span> <span class='ocrx_word' id='word_1_270' title='bbox 1838 2849 2101 2903; x_wconf 69' lang='lat' dir='ltr'><em>secundumn</em></span> 
     </span>
     <span class='ocr_line' id='line_1_29' title="bbox 285 2932 2101 3004; baseline -0.001 -16"><span class='ocrx_word' id='word_1_271' title='bbox 285 2941 552 2989; x_wconf 84' lang='lat' dir='ltr'><em>Varronem</em></span> <span class='ocrx_word' id='word_1_272' title='bbox 582 2933 672 3002; x_wconf 86' lang='lat' dir='ltr'><em>(de</em></span> <span class='ocrx_word' id='word_1_273' title='bbox 704 2935 740 2988; x_wconf 93' lang='lat' dir='ltr'><em>l.</em></span> <span class='ocrx_word' id='word_1_274' title='bbox 759 2934 793 2988; x_wconf 91' lang='lat' dir='ltr'><em>l.</em></span> <span class='ocrx_word' id='word_1_275' title='bbox 815 2933 867 2986; x_wconf 83' lang='lat' dir='ltr'>V</span> <span class='ocrx_word' id='word_1_276' title='bbox 890 2934 988 2987; x_wconf 83' lang='grc'><em>138</em></span> <span class='ocrx_word' id='word_1_277' title='bbox 1014 2952 1066 3004; x_wconf 92' lang='lat' dir='ltr'><em>p.</em></span> <span class='ocrx_word' id='word_1_278' title='bbox 1089 2935 1205 2987; x_wconf 83' lang='lat'>141.</span> <span class='ocrx_word' id='word_1_279' title='bbox 1230 2952 1338 2987; x_wconf 88' lang='lat' dir='ltr'><em>rer.</em></span> <span class='ocrx_word' id='word_1_280' title='bbox 1357 2943 1487 2987; x_wconf 81' lang='lat' dir='ltr'><em>rust.</em></span> <span class='ocrx_word' id='word_1_281' title='bbox 1514 2934 1542 2987; x_wconf 92' lang='lat' dir='ltr'>I</span> <span class='ocrx_word' id='word_1_282' title='bbox 1563 2934 1648 3003; x_wconf 80' lang='lat'><em>23,</em></span> <span class='ocrx_word' id='word_1_283' title='bbox 1668 2934 1717 2988; x_wconf 82' lang='lat'><em>5.</em></span> <span class='ocrx_word' id='word_1_284' title='bbox 1746 2934 1830 3001; x_wconf 78' lang='lat'><em>52,</em></span> <span class='ocrx_word' id='word_1_285' title='bbox 1859 2932 1934 3002; x_wconf 85' lang='lat'><em>9),</em></span> <span class='ocrx_word' id='word_1_286' title='bbox 1971 2940 2101 3000; x_wconf 75' lang='lat' dir='ltr'><em>quod</em></span> 
     </span>
     <span class='ocr_line' id='line_1_30' title="bbox 272 3029 2095 3093; baseline -0.002 -11"><span class='ocrx_word' id='word_1_287' title='bbox 272 3031 401 3082; x_wconf 72' lang='lat' dir='ltr'><em>idem</em></span> <span class='ocrx_word' id='word_1_288' title='bbox 432 3031 584 3079; x_wconf 74' lang='lat' dir='ltr'><em>nihilo</em></span> <span class='ocrx_word' id='word_1_289' title='bbox 618 3034 779 3081; x_wconf 84' lang='lat' dir='ltr'><em>minus</em></span> <span class='ocrx_word' id='word_1_290' title='bbox 805 3032 1061 3093; x_wconf 69' lang='lat' dir='ltr'><em>siqnifflcat.</em></span> <span class='ocrx_word' id='word_1_291' title='bbox 1117 3032 1319 3092; x_wconf 70' lang='lat' dir='ltr'><em>mystica</em></span> <span class='ocrx_word' id='word_1_292' title='bbox 1354 3034 1514 3079; x_wconf 83' lang='lat' dir='ltr'><em>autem</em></span> <span class='ocrx_word' id='word_1_293' title='bbox 1533 3031 1706 3079; x_wconf 79' lang='lat' dir='ltr'><em>Iacchi</em></span> <span class='ocrx_word' id='word_1_294' title='bbox 1727 3030 1834 3081; x_wconf 81' lang='lat' dir='ltr'><em>ideo</em></span> <span class='ocrx_word' id='word_1_295' title='bbox 1858 3032 1928 3085; x_wconf 71' lang='lat' dir='ltr'><em>ait</em></span> <span class='ocrx_word' id='word_1_296' title='bbox 1946 3029 2095 3088; x_wconf 88' lang='lat' dir='ltr'><em>(Ver-</em></span> 
     </span>
     <span class='ocr_line' id='line_1_31' title="bbox 271 3120 2098 3184; baseline -0.001 -14"><span class='ocrx_word' id='word_1_297' title='bbox 271 3120 459 3184; x_wconf 77' lang='lat' dir='ltr'><em>9ilius),</em></span> <span class='ocrx_word' id='word_1_298' title='bbox 515 3122 644 3182; x_wconf 79' lang='lat' dir='ltr'><em>quod</em></span> <span class='ocrx_word' id='word_1_299' title='bbox 678 3122 854 3173; x_wconf 79' lang='lat' dir='ltr'><em>Liberi</em></span> <span class='ocrx_word' id='word_1_300' title='bbox 894 3123 1058 3181; x_wconf 81' lang='lat' dir='ltr'><em>patris</em></span> <span class='ocrx_word' id='word_1_301' title='bbox 1088 3135 1234 3169; x_wconf 84' lang='lat' dir='ltr'><em>sacra</em></span> <span class='ocrx_word' id='word_1_302' title='bbox 1266 3121 1332 3168; x_wconf 82' lang='lat' dir='ltr'><em>ad</em></span> <span class='ocrx_word' id='word_1_303' title='bbox 1377 3122 1718 3181; x_wconf 76' lang='lat' dir='ltr'><em>puryationem</em></span> <span class='ocrx_word' id='word_1_304' title='bbox 1763 3121 1953 3171; x_wconf 76' lang='lat' dir='ltr'><em>animae</em></span> <span class='ocrx_word' id='word_1_305' title='bbox 1984 3133 2098 3179; x_wconf 62' lang='lat' dir='ltr'><em>per-</em></span> 
     </span>
     <span class='ocr_line' id='line_1_32' title="bbox 274 3210 2099 3273; baseline -0.001 -14"><span class='ocrx_word' id='word_1_306' title='bbox 274 3212 503 3269; x_wconf 81' lang='lat' dir='ltr'><em>tinebant,</em></span> <span class='ocrx_word' id='word_1_307' title='bbox 543 3215 587 3260; x_wconf 88' lang='lat' dir='ltr'><em>et</em></span> <span class='ocrx_word' id='word_1_308' title='bbox 621 3214 692 3260; x_wconf 83' lang='lat' dir='ltr'><em>sic</em></span> <span class='ocrx_word' id='word_1_309' title='bbox 720 3213 932 3261; x_wconf 70' lang='lat' dir='ltr'><em>homines</em></span> <span class='ocrx_word' id='word_1_310' title='bbox 966 3214 1069 3260; x_wconf 84' lang='lat' dir='ltr'><em>eius</em></span> <span class='ocrx_word' id='word_1_311' title='bbox 1098 3213 1341 3273; x_wconf 69' lang='lat' dir='ltr'><em>mysteriis</em></span> <span class='ocrx_word' id='word_1_312' title='bbox 1363 3212 1722 3272; x_wconf 72' lang='lat' dir='ltr'><em>purqabantur,</em></span> <span class='ocrx_word' id='word_1_313' title='bbox 1761 3211 1888 3258; x_wconf 87' lang='lat' dir='ltr'><em>siout</em></span> <span class='ocrx_word' id='word_1_314' title='bbox 1921 3210 2099 3258; x_wconf 86' lang='lat' dir='ltr'><em>uannis</em></span> 
     </span>
     <span class='ocr_line' id='line_1_33' title="bbox 271 3293 2097 3368; baseline -0.003 -17"><span class='ocrx_word' id='word_1_315' title='bbox 271 3302 519 3362; x_wconf 76' lang='lat' dir='ltr'><em>frumenta</em></span> <span class='ocrx_word' id='word_1_316' title='bbox 547 3311 846 3364; x_wconf 61' lang='lat' dir='ltr'><em>purgantur,</em></span> <span class='ocrx_word' id='word_1_317' title='bbox 904 3315 1064 3368; x_wconf 87' lang='lat' dir='ltr'><em>quem</em></span> <span class='ocrx_word' id='word_1_318' title='bbox 1113 3315 1273 3366; x_wconf 88' lang='lat' dir='ltr'><em>quam</em></span> <span class='ocrx_word' id='word_1_319' title='bbox 1315 3295 1542 3366; x_wconf 86' lang='lat' dir='ltr'><em>egregie</em></span> <span class='ocrx_word' id='word_1_320' title='bbox 1598 3294 1980 3366; x_wconf 77' lang='lat' dir='ltr'><em>interpretatus</em></span> <span class='ocrx_word' id='word_1_321' title='bbox 2028 3293 2097 3348; x_wconf 84' lang='lat' dir='ltr'><em>sit</em></span> 
     </span>
     <span class='ocr_line' id='line_1_34' title="bbox 275 3384 2093 3460; baseline -0.002 -17"><span class='ocrx_word' id='word_1_322' title='bbox 275 3389 613 3460; x_wconf 83' lang='lat' dir='ltr'><em>Pomponius</em></span> <span class='ocrx_word' id='word_1_323' title='bbox 651 3389 822 3450; x_wconf 76' lang='lat' dir='ltr'><em>uides,</em></span> <span class='ocrx_word' id='word_1_324' title='bbox 865 3389 962 3447; x_wconf 81' lang='lat' dir='ltr'><em>sed</em></span> <span class='ocrx_word' id='word_1_325' title='bbox 999 3389 1125 3443; x_wconf 88' lang='lat' dir='ltr'><em>nolo</em></span> <span class='ocrx_word' id='word_1_326' title='bbox 1165 3404 1491 3449; x_wconf 81' lang='lat' dir='ltr'><em>coaceruare</em></span> <span class='ocrx_word' id='word_1_327' title='bbox 1528 3386 1685 3458; x_wconf 75' lang='lat' dir='ltr'><em>plura</em></span> <span class='ocrx_word' id='word_1_328' title='bbox 1720 3384 1962 3444; x_wconf 77' lang='lat' dir='ltr'><em>eiusdem</em></span> <span class='ocrx_word' id='word_1_329' title='bbox 1999 3402 2093 3455; x_wconf 73' lang='lat' dir='ltr'><em>ge-</em></span> 
     </span>
     <span class='ocr_line' id='line_1_35' title="bbox 275 3497 438 3533; baseline 0.006 -1"><span class='ocrx_word' id='word_1_330' title='bbox 275 3497 438 3533; x_wconf 82' lang='lat' dir='ltr'><em>nens.</em></span> 
     </span>
    </p>
   </div>
  </div>
 </body>
</html>
