2236 4030
1223 327 1288 373 34

348 469 536 521 tertiae
576 468 948 521 declinationis
981 470 1199 521 nomina
1236 468 1566 522 substantiua
1588 466 1853 536 ἀναλόγως
1871 471 2164 524 ablatiuum

349 560 529 612 datiuo
569 559 798 614 similem
851 559 1128 612 haberent.
1202 560 1268 611 ad
1322 559 1554 611 eundem
1604 560 1894 614 ablatiuum
1946 569 2167 632 spectat,

348 651 492 719 quod
534 650 825 703 discrimen
865 650 1006 701 inter
1042 650 1198 702 ‘rure’
1231 657 1282 701 et
1303 648 1445 701 ‘ruri’
1470 648 1559 717 (fr.
1584 649 1670 717 19)
1692 651 1960 720 exposuit.
1997 652 2052 704 in
2083 652 2167 704 his
2234 670 2236 696 ³

2230 417 2236 563 l

2230 566 2236 621 ἒ

2231 624 2236 668 l

346 758 534 793 seuere
571 740 873 809 analogiam
911 746 1143 806 secutuS,
1182 738 1286 790 alia
1317 739 1385 790 ad
1419 739 1563 791 uitae
1601 758 1772 807 usum,
1810 758 1972 812 quem
2008 742 2167 793 etiam

346 830 404 881 in
439 829 593 882 libris
632 828 900 881 VIII—X
938 828 1149 898 saepius
1189 828 1404 897 premit,
1447 827 1662 897 direxit,
1701 837 1760 881 ut
1788 848 1888 882 nos
1919 830 2169 899 quodam—
2234 856 2236 870 ÷

342 918 501 970 modo
542 919 895 970 constantiam
933 916 1321 970 desideremus,
1358 916 1568 969 Plinius
1603 917 1734 970 licet
1756 918 1875 989 ipse
1915 919 2170 991 quasdam
2234 916 2236 919 ’

346 1008 696 1077 exceptiones
717 1006 995 1060 admiserit
1007 1006 1194 1075 (Char.
1211 1027 1262 1078 p.
1282 1007 1396 1073 129,
1414 1007 1503 1074 27)
1523 1025 1646 1059 eum
1664 1008 1934 1079 uituperat
1956 1009 2048 1076 (fr.
2063 1009 2169 1079 20),

347 1099 490 1167 quod
530 1099 695 1150 falces
740 1116 870 1150 axes
910 1098 1102 1149 lintres
1139 1104 1359 1150 uentres
1396 1097 1591 1169 stirpes
1614 1099 1776 1151 urbes
1804 1099 1962 1152 orbes
1985 1107 2167 1152 uectes

347 1188 565 1259 quidem
604 1188 660 1239 in
698 1187 1003 1240 accusatiuo
1045 1187 1225 1239 dicere
1261 1187 1514 1256 uoluerit,
1553 1187 1648 1240 sed
1687 1187 1744 1241 in
1766 1188 1991 1258 reliquis
2027 1189 2168 1242 eius'-

350 1279 474 1331 dem
495 1279 697 1350 speciei
719 1278 947 1331 monteis
972 1287 1024 1331 et
1046 1279 1254 1330 similia.
1296 1278 1362 1330 (16
1390 1279 1598 1331 neutris
1637 1279 1846 1350 graecis
1881 1286 1940 1331 ut
1977 1298 2171 1351 poema

347 1370 405 1423 in
442 1370 524 1423 his
563 1370 716 1422 libris
754 1369 829 1421 sic
865 1368 1111 1422 statuisse
1150 1369 1382 1438 uidetur,
1431 1376 1491 1421 ut
1543 1387 1605 1422 ea
1652 1377 1744 1421 aut
1779 1388 2000 1440 prorsus
2038 1378 2168 1423 tam·
2231 1434 2236 1439 ·

350 1480 507 1530 quam
525 1461 691 1513 latina
714 1461 804 1527 (fr.
820 1461 908 1528 21)
931 1467 1022 1512 aut
1042 1479 1265 1531 prorsus
1288 1467 1558 1531 tamquam
1579 1477 1775 1529 graeca,
1790 1461 1878 1529 (fr.
1897 1461 1988 1527 22)
2007 1459 2170 1513 decli-

347 1558 607 1604 narentur
636 1560 687 1603 et
712 1551 785 1603 sic
812 1551 1077 1620 analogia,
1100 1569 1235 1621 quae
1260 1551 1434 1622 primo
1459 1551 1648 1603 obtutu
1673 1551 1906 1620 deesset,
1942 1552 2168 1604 ualeret.

349 1642 494 1711 quod
531 1642 669 1693 illud
707 1642 855 1712 quasi
899 1642 992 1694 lex
1028 1641 1373 1709 inuiolabiliS,
1426 1641 1530 1693 hoc
1582 1647 1642 1694 ut
1691 1649 1942 1695 constans
1977 1660 2105 1694 usus
2143 1661 2172 1693 a

348 1732 527 1786 Plinio
579 1733 814 1803 ponitur,
867 1732 921 1783 id
975 1750 1038 1784 eo
1089 1733 1407 1803 explicatur,
1463 1731 1607 1800 quod
1652 1750 1750 1803 pro
1803 1751 1899 1786 suo
1947 1732 2172 1784 consilio

349 1823 732 1874 cohaerentem
783 1822 1180 1892 expositionem
1238 1822 1294 1874 in
1344 1823 1538 1874 breues
1591 1822 1810 1890 regulas
1875 1821 2175 1893 discerpsit,

352 1931 482 1982 quas
522 1913 822 1966 Romanum
872 1913 964 1964 uel
1010 1911 1313 1965 Chai-isium
1368 1912 1565 1964 iterum
1613 1912 1885 1965 breuiasse
1921 1912 2175 1979 uidi-muS,

353 2003 500 2075 quod
542 2004 722 2055 multis
765 2003 1027 2074 exemplis
1063 2003 1431 2055 confirmatur.
1497 2002 1654 2055 aliter
1694 2003 1762 2055 de
1798 2002 1986 2055 eadem
2019 2022 2079 2056 re
2117 2003 2172 2055 in

349 2094 467 2147 aliis
519 2093 673 2146 libris
724 2093 954 2164 scripsit.
1030 2093 1085 2144 in
1121 2093 1248 2147 IIII
1285 2094 1352 2145 de
1391 2093 1624 2146 utilitate
1679 2093 1956 2146 sermonis·
1985 2092 2169 2163 (Char.
2234 2096 2236 2098 ’

347 2202 398 2253 p.
423 2183 586 2252 123,3
623 2185 685 2236 cf.
713 2184 971 2238 Consent.
994 2204 1045 2255 p.
1071 2185 1208 2236 2040
1229 2185 1313 2253 P),
1350 2184 1442 2237 ubi
1487 2184 1863 2237 consuetudini
1902 2183 2168 2236 communi

350 2275 579 2327 multum
610 2275 938 2327 concessisse
963 2275 1197 2340 uidetur,
1232 2275 1654 2346 uniuscuiusque
1683 2274 1881 2326 iudicio
1913 2273 2175 2346 permisit,

347 2364 391 2417 si
438 2364 677 2418 Plinium
720 2365 982 2417 Varronis
1038 2366 1435 2435 expositionem
1490 2373 1738 2418 secutum
1791 2382 1909 2418 esse
1959 2382 2172 2417 mecum

347 2463 518 2526 putaS,
559 2474 685 2507 num
721 2445 986 2525 poematis
1026 2475 1092 2507 an
1131 2455 1466 2525 poematibus
1506 2455 1686 2507 dicere
1714 2454 1915 2506 mallet.
1950 2454 2005 2508 in
2032 2455 2171 2507 libro

350 2546 417 2598 de
471 2546 819 2615 grammatica
866 2554 1053 2598 contra
1113 2544 1304 2614 (Char.
1342 2546 1457 2613 131,
1498 2546 1563 2598 lO
1621 2562 1780 2614 quem
1830 2545 2009 2597 locum
2043 2544 2171 2596 inde

348 2645 620 2708 sumptum
677 2655 793 2689 esso
849 2637 991 2689 infra
1042 2639 1334 2706 exponam)
1390 2654 1494 2704 quo
1541 2643 1686 2687 certa
1722 2635 1980 2704 loquendi
2017 2653 2170 2706 prae-

347 2735 502 2796 cepta
539 2727 822 2794 dabantur,
864 2727 1194 2798 poemat-ibus
1234 2727 1597 2779 schematibus
1639 2735 1691 2778 et
1727 2744 1864 2795 quae
1901 2726 2028 2778 talia
2049 2732 2174 2779 sunt

350 2816 455 2868 dici
496 2817 666 2884 iussit,
705 2818 827 2885 quia
863 2817 1081 2869 nomina
1119 2817 1299 2885 latina,
1338 2825 1391 2868 et
1431 2817 1524 2868 illa
1561 2825 1831 2886 tamquam
1865 2817 2030 2870 latina
2067 2825 2172 2869 tra-

348 2907 544 2960 ctanda
592 2925 727 2975 esse,
785 2925 918 2976 quae
965 2907 1257 2960 ablatiuum
1313 2907 1603 2978 singularis
1665 2907 1721 2960 in
1774 2925 1829 2960 -e‘
1862 2907 2176 2976 formarent,

352 2999 535 3051 datiuo
577 3006 630 3050 et
663 2998 896 3052 ablat-ino
937 2999 1162 3068 pluralis
1201 2998 1257 3051 in
1282 2998 1404 3050 -bus
1430 2998 1658 3052 exirent.
1701 3005 1938 3051 ceterum
1964 2997 2170 3051 Plinius

349 3089 407 3141 in
442 3090 540 3142 hac
582 3107 641 3141 re
684 3089 945 3141 Varronis
1004 3096 1291 3160 praecepta
1337 3089 1753 3159 diligentissime
1794 3088 2080 3158 indagasse
2123 3097 2174 3140 et

348 3197 484 3248 quae
535 3179 589 3231 in
636 3179 803 3232 uariis
856 3179 1009 3231 libris
1059 3179 1317 3232 docuerat
1372 3179 1678 3250 conlegisse
1733 3178 1965 3246 uidetur,
2022 3178 2167 3232 unde

346 3270 538 3322 uidere
578 3271 724 3337 licet,
764 3270 936 3322 doctis
973 3271 1229 3324 Romanis
1265 3270 1491 3322 dubium
1530 3270 1692 3323 fuisse
1731 3270 1861 3339 quid
1896 3270 1952 3323 in
1989 3270 2171 3322 huius-

350 3361 494 3413 modi
534 3361 839 3413 nominibus
872 3360 1206 3430 sequendum
1246 3361 1328 3413 sit.
1390 3345 1659 3430 Denique,
1696 3355 2172 3413 indeclinabilibus

350 3471 459 3504 non
480 3452 748 3522 neglectis
770 3453 859 3520 (fr.
883 3452 990 3520 23),
1011 3452 1082 3503 ad
1109 3451 1524 3504 declinationem
1549 3450 1786 3521 augendi
1817 3458 1869 3502 et
1894 3450 2170 3504 minuendi

350 3542 627 3595 transiisse
666 3542 882 3595 uidetur
921 3542 1010 3612 (cf.
1039 3541 1178 3594 VIII
1211 3542 1276 3595 75
1314 3560 1364 3613 p.
1387 3542 1488 3594 447
1514 3562 1593 3614 sq.
1635 3541 1811 3596 VIIII
1845 3540 1911 3594 72
1949 3559 2003 3613 Ρ.
2028 3542 2173 3610 509),
