2306 4016
1245 349 1309 394 90

366 506 616 542 errauere
653 497 830 542 autem
868 491 1222 560 grammatici,
1260 492 1350 563 qui
1378 499 1706 563 putauerunt
1731 494 2058 565 superlatiua
2085 513 2186 566 per

363 579 414 630 V
451 580 732 632 enuntiari²
771 599 815 634 e.
840 599 888 650 q.
911 601 951 634 5.
992 582 1059 634 de
1100 582 1182 634 his
1220 581 1562 652 superlatiuis
1589 582 1896 636 Varronem
1936 585 2184 656 egisse'e

362 670 482 722 loco
519 689 680 740 supra
722 670 896 742 posito
936 671 1022 740 (fr.
1043 671 1132 740 43)
1176 670 1417 739 Cornuti,
1453 689 1613 740 quem
1653 673 1911 744 excripsit
1937 675 2183 733 Isidorus

364 761 500 829 orig.
525 762 554 814 I
574 761 658 831 26,
687 763 768 831 15,
807 762 1052 815 uidemus
1096 781 1325 832 eumque
1349 762 1490 815 inter
1516 764 1898 832 grammaticos
1935 765 2182 838 aLongo

361 852 692 922 uituperatos
753 853 921 905 fuisse
975 853 1242 921 existimO,
1297 873 1422 905 nam
1479 853 1727 909 Caesaris
1786 855 2021 925 aequalis
2081 856 2184 909 uiri

362 941 736 994 auctoritatem
789 942 1041 1013 opposuit
1092 943 1341 1011 antiquae
1398 944 1790 1010 consuetu-dini,
1849 963 2010 1016 quam
2066 945 2184 1000 sine

363 1034 524 1086 dubio
562 1033 822 1086 defendit.
879 1033 1039 1085 etiam
1075 1034 1301 1086 alteram
1337 1034 1404 1087 de
1440 1035 1469 1087 I
1506 1035 1638 1088 exili
1674 1042 1728 1088 et
1774 1035 1967 1107 pingui
2021 1050 2183 1106 quae·

361 1123 591 1176 stionem
628 1131 767 1176 teste
807 1124 1011 1178 Scauro
1053 1126 1145 1188 (fr.
1172 1124 1264 1194 44)
1304 1144 1413 1178 11011
1450 1125 1710 1194 neglexit,
1754 1134 1807 1179 et
1847 1126 1924 1180 ita
1966 1127 2184 1196 quidem

360 1215 625 1283 tractauit,
657 1222 716 1266 ut
754 1214 975 1267 aLueili
1014 1215 1320 1287 praeceptis
1356 1235 1508 1269 orsus
1548 1234 1610 1268 ea
1645 1217 1935 1270 maximam
1972 1221 2183 1289 partem

358 1304 689 1375 inprobaret,
744 1325 910 1358 unum
961 1313 1164 1358 tantum
1213 1307 1487 1360 retineret.
1559 1307 1799 1361 Lucilius
1841 1307 1934 1376 (cf.
1974 1308 2184 1363 Ritschl

359 1414 484 1448 11011.
523 1415 659 1448 111115.
706 1396 860 1448 rhen.
902 1396 1043 1449 VIII
1090 1416 1141 1466 p.
1173 1395 1273 1448 487
1310 1415 1388 1465 sq.
1459 1416 1692 1450 monum.
1745 1398 2027 1468 epigraph.
2082 1397 2183 1452 tria

359 1506 410 1558 p.
434 1487 498 1539 31
523 1507 601 1558 sq.
642 1486 703 1541 O.
725 1487 1041 1540 Lachmann
1078 1487 1145 1539 ad
1184 1487 1344 1540 Lucr.
1386 1507 1436 1558 p.
1459 1487 1560 1539 244
1580 1489 1681 1556 sq.)
1718 1488 2028 1559 ubicunque
2063 1489 2179 1560 pin-

359 1576 607 1646 guiorem
661 1578 752 1629 uel
799 1584 859 1628 ut
910 1577 1085 1646 ipsum
1136 1594 1331 1647 sequar
1391 1577 1693 1646 pleniorem
1735 1596 1927 1630 sonum
1978 1578 2180 1648 longae

358 1668 516 1720 huius
547 1669 751 1721 uocalis
791 1668 977 1720 audire
1015 1668 1116 1720 sibi
1155 1675 1235 1719 est
1268 1668 1432 1736 uisus,
1472 1675 1524 1719 et
1553 1668 1799 1738 profecto
1837 1668 1966 1721 talia
1998 1668 2181 1725 discri-

359 1758 502 1810 mina
534 1757 590 1810 in
620 1757 1056 1829 pronuntiatione
1089 1757 1461 1824 audiebantur,
1500 1757 1577 1810 EI
1604 1757 1843 1811 scribere
1880 1758 2070 1828 uoluit,
2109 1758 2184 1813 ita

357 1849 413 1901 in
453 1849 784 1901 nominatiuo
827 1848 1053 1918 pluralis
1093 1848 1358 1901 secundae
1402 1847 1781 1902 declinationis
1821 1848 1966 1917 (Vel.
2005 1849 2182 1920 Long.

357 1960 409 2012 p.
447 1939 605 2006 2220)
661 1948 714 1991 et
766 1939 946 1991 datiuo
985 1939 1274 2009 singularis
1312 1940 1503 1992 tertiae
1554 1939 1927 1993 declinationis
1970 1937 2179 2010 (Quint.

356 2034 479 2088 inst.
523 2042 653 2088 orat.
691 2035 720 2087 Ι
751 2034 798 2101 7,
840 2035 918 2086 15.
956 2034 1079 2086 Vel.
1109 2034 1285 2104 Long.
1315 2036 1350 2086 l.
1379 2035 1463 2103 5.),
1503 2042 1787 2105 praeterea
1825 2035 1991 2107 (quod
2034 2035 2180 2107 apud

357 2125 621 2181 Scaurum
643 2125 862 2195 legitur)
891 2125 947 2177 in
984 2125 1260 2178 nonnullis
1297 2125 1570 2178 uocabulis
1609 2133 1667 2178 ut
1701 2132 1838 2180 maile
1869 2132 2031 2181 medes
2067 2133 2180 2180 mei-

356 2223 478 2283 litia,
531 2217 588 2267 111
636 2216 828 2286 quibus
878 2216 1148 2268 interdum
1199 2224 1251 2268 et
1301 2215 1567 2288 pluralem
1616 2237 1646 2269 a
1685 2215 2180 2286 singularieodem

357 2306 517 2359 modo
563 2306 825 2376 distinxit,
857 2315 916 2359 ut
946 2314 1109 2373 pilum
1147 2327 1250 2379 quo
1288 2307 1519 2378 pinsitur
1548 2314 1686 2372 petza
1719 2306 2181 2362 iacula-militaria.

357 2416 467 2449 non
505 2397 665 2450 ualde
713 2407 962 2451 accurate
1010 2399 1144 2451 haec
1201 2406 1253 2451 et
1287 2379 1496 2468 reliqua
1535 2398 1822 2451 Terentius
1862 2415 1894 2450 e
1932 2397 2182 2452 Varrone

358 2489 649 2560 excerpsit.
723 2489 954 2559 primum
1009 2490 1150 2542 enim
1190 2489 1366 2542 Varro
1420 2489 1576 2559 plura
1631 2507 1660 2540 e
1697 2487 1909 2542 Lucilio
1945 2487 2181 2556 adferre,

357 2587 416 2631 ut
454 2579 599 2632 illius
640 2579 884 2632 doctrina
921 2580 1006 2632 0111
1042 2599 1193 2634 5113111
1235 2580 1488 2652 opposuit
1521 2580 1821 2650 patefieret,
1878 2586 1930 2631 et
1968 2597 2087 2633 cum
2124 2578 2181 2633 in

358 2670 660 2723 scribendis
693 2671 1040 2723 nominatiuis
1077 2670 1300 2743 pluralis
1341 2670 1609 2723 secundae
1661 2669 2033 2725 declinationis
2077 2686 2181 2740 per

356 2759 435 2812 EI
471 2777 593 2812 cum
629 2760 722 2813 illo
761 2761 1059 2813 consentiat
1081 2762 1142 2829 ¹),
1179 2761 1318 2812 hanc
1370 2760 1662 2831 praecipue
1715 2759 1898 2829 legem
1943 2757 2179 2814 auctoris

356 2850 541 2904 uerbis
582 2869 888 2923 proponere
928 2851 1129 2919 debuit,
1169 2852 1319 2904 cuius
1355 2852 1433 2903 rei
1458 2851 1598 2922 apud
1627 2849 1892 2904 Scaurum
1915 2867 2018 2904 nec
2055 2849 2181 2904 uola

525 3022 570 3078 1)
602 3022 730 3066 Idem
775 3023 920 3067 uoluit
959 3023 1170 3079 Nigidius
1213 3023 1403 3079 Figulus
1445 3022 1495 3065 in
1535 3022 1654 3066 libro
1686 3022 1859 3083 XXIIII
1906 3023 2184 3075 commenta-

358 3104 533 3149 riorum
569 3103 974 3160 grammaticorum
1017 3103 1148 3157 (Gen.
1182 3103 1290 3165 XIII
1320 3102 1403 3156 26,
1436 3103 1503 3158 4):
1557 3103 1619 3146 ‘Si
1660 3103 1804 3146 leuius’
1845 3102 1997 3161 inquit
2034 3104 2184 3154 ‘amici

357 3186 433 3229 uel
473 3187 604 3229 huius
647 3188 796 3243 magni
833 3183 1024 3237 scribas,
1073 3198 1214 3226 unum
1260 3188 1275 3225 i
1316 3182 1457 3226 facito
1507 3186 1777 3237 extremum,
1837 3183 1905 3226 sin
1948 3196 2059 3226 uero
2095 3170 2178 3224 ‘hei

360 3265 550 3324 ntaynei,
583 3268 655 3309 laci
686 3268 845 3309 amicei
878 3278 985 3307 casu
1018 3263 1327 3306 multitudinis
1358 3265 1501 3317 recto,
1543 3266 1640 3304 tum
1683 3265 1791 3304 ante
1827 3266 1848 3322 ⁴i
1890 3260 2185 3306 scribendum

360 3347 450 3391 erit
483 3364 519 3399 e,
557 3349 694 3402 atque
734 3344 783 3388 id
825 3345 976 3401 ipsum
1011 3343 1150 3387 facies
1189 3344 1237 3386 in
1270 3342 1522 3386 similibus'.
1585 3342 1650 3386 sic
1683 3342 1830 3385 codex
1859 3340 2180 3398 Lugdunensis

359 3427 489 3472 Voss.
507 3427 544 3469 F
563 3426 591 3470 7
625 3429 672 3469 et
689 3425 964 3480 Gronouius,
995 3428 1321 3481 praeterquam
1353 3424 1474 3480 quod
1503 3422 1580 3466 ille
1613 3425 1678 3466 hii
1707 3425 1877 3479 tnaym'i
1913 3424 1978 3464 Ιιίί
2012 3424 2181 3474 amicit,

359 3507 434 3550 hic
469 3509 514 3551 hi
540 3510 717 3566 magnei
750 3509 797 3549 ln·
827 3508 988 3550 amicei
1018 3505 1173 3548 habet.
1227 3507 1432 3548 ceterum
1462 3502 1691 3547 Lucilium
1721 3500 1869 3558 magis
1903 3511 2041 3590 quam
2070 3499 2181 3544 Vom—

360 3601 520 3631 ronem
550 3585 786 3644 Nigidium
821 3589 1027 3630 secutum
1060 3599 1159 3629 esse
1189 3584 1327 3630 docet
1351 3585 1474 3629 idem
1505 3583 1623 3628 Gelli
1652 3584 1806 3639 eaput.

2296 3603 2306 3855 1

2288 3855 2306 4016 i
