2222 4056
1095 323 1194 369 170

142 470 203 523 38
398 471 469 525 In
505 489 714 526 summa
754 470 1186 536 ,constructionis
1227 470 1353 524 'eius
1410 479 1572 544 caput
1631 474 1938 546 collooaiiit‚
1992 477 2051 530 iu

234 578 340 630 quo
373 567 518 614 esset
549 561 797 631 regimen
825 561 988 615 totius
1025 561 1326 629 animantiS,
1364 560 1656 631 datumque
1689 564 1774 616 illi
1808 565 1926 619 hou’
1951 585 2046 620 no—

231 667 356 704 men
411 658 508 719 est,
562 658 621 704 ut
668 652 886 721 quidem
921 651 1100 706 Varro
1150 651 1219 704 ad
1269 649 1591 705 Ciceronem
1632 654 1866 723 scribit,
1902 656 2048 726 quod

231 738 372 793 hinc
394 739 614 810 capiant
647 739 860 793 initium
892 758 1083 793 sensus
1122 759 1186 792 ac
1222 739 1397 793 nerui.

140 893 198 943 39
395 890 566 943 Varro
605 890 672 942 de
710 890 902 960 lingua
937 890 1099 943 latina
1137 890 1274 942 alam
1311 890 1548 943 culmum
1583 891 1740 945 fabae
1775 860 2010 973 dicit-{issi
2043 864 2045 867 i
2081 902 2110 948 5

139 1043 201 1092 40
397 1043 483 1097 De
522 1041 805 1096 fenestella
841 1028 1139 1113 quiritatur.

266 1297 386 1365 DF}
440 1297 855 1370 SERMONE
908 1299 1232 1370 LATINO
1283 1301 1405 1371 AD
1455 1296 2002 1412 MARCELLVM

956 1420 1206 1491 LIBRI
1259 1421 1315 1491 V

1126 1618 1156 1671 I

142 1747 229 1798 41*
368 1744 631 1800 Latinitas
672 1755 752 1800 est
789 1747 1103 1818 incorrupte
1139 1748 1397 1818 loquendi
1424 1749 1729 1804 obseruatio
1758 1744 2055 1804 seeundum
2089 1757 2145 1801 10

224 1829 500 1889 romanam
536 1837 815 1907 linguam:
883 1845 1093 1892 constat
1129 1847 1327 1907 autem,
1377 1847 1438 1891 ut
1487 1840 1691 1893 adserit
1727 1841 1922 1908 Varro,
1969 1841 2052 1895 his

392 1986 462 2028 38.
494 1984 710 2028 Lactant.
730 1985 787 2028 de
813 1985 923 2042 opif.
943 1986 1016 2030 dei
1035 1990 1142 2040 5,6:
1173 1987 1237 2031 In
1268 2002 1484 2031 summa
1504 2002 1617 2031 uero
1644 1989 2054 2045 constructio-

222 2042 313 2086 nis
357 2043 507 2096 eius,
552 2059 690 2100 quam
731 2044 929 2089 similem
967 2047 1100 2090 nauis
1146 2047 1333 2090 carinae
1378 2047 1602 2100 diximus,
1646 2051 1831 2104 caput*
1862 2082 1871 2092 .
1907 2082 1917 2092 .
1947 2050 2052 2094 (ac

223 2117 409 2148 neruL

390 2165 460 2207 39.
495 2162 626 2206 Seru.
659 2163 719 2206 ad
749 2164 890 2222 Verg.
927 2179 1087 2222 georg.
1124 2165 1146 2207 I
1175 2167 1255 2210 75:
1287 2165 1514 2210 Nonnulli
1548 2166 1739 2225 proprie
1770 2167 1948 2216 culmos
1983 2167 2052 2210 lu—

221 2221 439 2277 pinorum
473 2222 568 2266 alas
605 2222 696 2266 dici
726 2227 910 2280 putant,
941 2227 995 2267 ut
1012 2221 1173 2267 Aelius
1208 2225 1322 2267 ‘alae
1356 2240 1412 2268 ex
1441 2223 1615 2281 lupino,
1649 2224 1824 2268 surculi
1854 2225 1951 2270 sine
1982 2225 2048 2271 fo-

222 2281 328 2333 liis',
364 2281 477 2324 Cato
509 2282 558 2324 in
589 2282 858 2340 Originibus
893 2284 1008 2327 ‘alae
1040 2297 1096 2327 ex
1127 2284 1288 2340 lupino
1329 2284 1510 2341 lugium
1550 2299 1577 2324 κ
1620 2301 1646 2326 κ
1675 2287 1833 2328 tamen
1862 2284 2048 2330 Varro

223 2341 289 2384 de
328 2373 338 2383 .
366 2375 375 2384 .
400 2374 409 2384 .
444 2341 608 2385 dicit.

386 2402 458 2444 40.
489 2400 640 2444 Diom.
675 2416 720 2457 p.
742 2404 841 2453 381,
861 2405 940 2444 22:
976 2402 1138 2446 Solent
1167 2402 1216 2444 in
1246 2402 1404 2446 uerbis
1439 2401 1580 2445 etiam
1602 2401 1850 2458 peritiores
1874 2417 2047 2456 errare,

220 2458 390 2503 incerti
418 2463 579 2503 utrum
610 2475 715 2503 cum
743 2461 784 2504 R
816 2476 874 2504 an
909 2461 1007 2506 sine
1039 2462 1080 2504 R
1102 2462 1303 2505 debeant
1332 2461 1550 2517 proferri.
1583 2461 1772 2517 quirito.
1807 2462 1969 2506 Liuius
1999 2463 2048 2506 in

221 2519 394 2562 attico:
431 2520 588 2575 quirit,
620 2519 772 2564 Varro
802 2520 862 2563 ad
894 2521 1186 2566 Ciceronem:
1222 2521 1289 2565 de
1310 2554 1320 2564 .
1341 2554 1351 2564 .
1373 2555 1382 2564 .
1401 2521 1756 2578 quiritatur.
1787 2524 1860 2566 est
1890 2525 2048 2566 autem

224 2578 448 2634 quii-itare
482 2579 685 2633 Quirites
721 2579 860 2623 ciere.

385 2641 458 2681 41.
490 2638 642 2682 Diom.
672 2654 717 2695 p.
737 2641 838 2692 439,
866 2641 942 2683 15:
975 2639 1286 2682 Latinitas
1319 2641 1412 2682 est
1437 2672 1447 2683 .
1471 2671 1481 2682 .
1503 2672 1513 2682 .
1535 2637 1883 2683 scientium.-
1910 2640 2047 2685 Char.

257 2729 268 2739 .
286 2698 356 2748 50,
380 2700 454 2742 16:
486 2698 680 2742 Latinus
713 2713 866 2742 sermo
898 2714 1003 2743 cum
1033 2699 1136 2755 ipso
1167 2698 1354 2741 homine
1385 2698 1591 2742 ciuitatis
1613 2713 1721 2743 suae
1742 2701 1880 2743 natus
1905 2701 2046 2758 signi-

254 2756 412 2800 candis
451 2756 878 2815 intellegundisque
932 2773 1049 2814 quae
1095 2758 1272 2802 diceret
1316 2756 1555 2813 praestitit
1588 2757 1795 2815 (praesto
1822 2757 1912 2805 fuit
1947 2763 2048 2805 Vse-

221 2815 335 2869 ner).
397 2819 472 2859 secl
514 2820 762 2872 postquam
805 2817 942 2873 plane
989 2817 1427 2874 superuenientibus
1469 2817 1664 2860 saeculis
1713 2817 1914 2877 accepit·
1934 2818 2046 2864 arti-

221 2873 331 2917 fices
368 2878 415 2918 et
442 2870 676 2919 ‘solertiae
722 2879 912 2920 nostrae
963 2878 1372 2921 obseruationibus
1418 2879 1582 2932 captus
1631 2880 1716 2928 est,
1763 2876 1922 2932 paucis
1967 2875 2046 2921 ad-

220 2933 410 2977 modum
439 2936 653 2990 partibus
701 2936 925 2979 orationis
967 2951 1158 2979 normae
1203 2950 1312 2979 suae
1346 2935 1746 2988 dissentientibus,
1789 2937 2048 2993 regendum

221 3007 269 3036 se
308 2994 498 3051 regulae
537 2994 738 3037 tradidit
780 2998 827 3038 et
869 2996 998 3039 illam
1046 2995 1267 3054 loquendi
1307 2994 1546 3039 licentiam
1595 2994 1816 3040 seruituti
1851 2996 2046 3040 rationis

389 3131 417 3180 5
463 3133 702 3183 Varronis
737 3135 889 3182 uerba
916 3138 1028 3183 teste
1065 3136 1269 3185 'Philone
1301 3150 1399 3183 non
1433 3137 1696 3183 occurrunt
1731 3135 1829 3185 nisi
1864 3135 1916 3184 in
1941 3136 2045 3186 cod.

224 3204 458 3255 Leidensi
477 3205 560 3261 80,
599 3205 682 3251 ubi
704 3205 820 3252 haec
847 3204 941 3265 ἰθέῃ]
976 3209 1177 3264 possunt
1207 3205 1359 3252 Varro
1399 3206 1458 3253 de
1497 3204 1664 3266 lingua
1696 3203 1850 3254 latina
1884 3204 2010 3260 alam
2031 3242 2042 3253 .

219 3275 321 3322 ulm
339 3309 350 3319 .
374 3310 384 3320 .
403 3272 486 3320 fab
508 3310 518 3320 .
543 3307 555 3320 .
580 3310 590 3321 .
616 3267 640 3337 ΙΙ
667 3273 786 3322 dicit
802 3273 1122 3323 Burmannus
1154 3275 1312 3322 dicere
1332 3275 1516 3323 Daniel
1539 3276 1562 3332 ΙΙ
1589 3274 1617 3320 6
1660 3274 1811 3336 quirit
1849 3273 2044 3326 *Varro

221 3344 285 3394 ad
321 3343 601 3393 Ciceronem
639 3360 666 3386 κ
705 3342 979 3390 Fenestella
1007 3346 1274 3406 quiritatur
1295 3345 1488 3393 Keilius
1520 3346 1603 3405 qui
1633 3344 1878 3392 asteriscis
1914 3344 2044 3395 lacu-

220 3429 312 3462 nas
348 3413 524 3476 Quibus
561 3413 685 3462 Liui
726 3417 770 3461 et
799 3413 1037 3462 Varronis
1071 3414 1290 3474 exempla
1321 3415 1525 3473 periisse
1563 3414 1607 3461 ei
1651 3408 1884 3473 uidentur
1915 3404 2044 3461 indi-

221 3479 352 3532 caait
386 3483 446 3531 de
483 3482 737 3531 fenestella
771 3483 1075 3530 Mercklinus
1111 3484 1292 3531 Pliilol.
1313 3483 1415 3530 III
1434 3483 1608 3542 p.151.
1650 3481 1698 3530 I.
1718 3482 1948 3531 Poetliius
1985 3483 2044 3532 de

220 3553 497 3604 Fenestella
534 3555 650 3602 diss.
686 3554 845 3602 Bonn.
879 3554 1011 3601 1849
1042 3569 1093 3612 p.
1115 3555 1146 3601 6
1170 3549 1194 3616 Η
1222 3556 1279 3601 11
1320 3550 1396 3601 his
1434 3567 1524 3601 om.
1563 3552 1682 3601 ΒΜ
1696 3545 1721 3618 Η
1846 3589 1848 3593 ,
1912 3573 2001 3600 ,4,-
