2236 4030
1229 321 1294 368 38

347 468 622 537 quam·N.
676 467 900 538 Maduig
950 471 1118 540 praef.
1159 468 1273 523 Cic.
1330 469 1397 521 de
1449 467 1595 521 finib.
1652 486 1704 537 p.
1733 468 1834 521 LX
1872 487 1924 520 n.
1976 484 2165 521 mense

346 558 608 626 Quinctili
649 559 906 628 scriptam
945 559 1149 626 censet)
1209 579 1253 610 a.
1305 577 1356 610 n.
1396 557 1731 612 DOOVIIII
1796 557 2036 623 iactatis,
2102 576 2159 611 se

346 646 554 700 nescire
590 646 759 717 -quid,
813 646 976 698 immo
1016 665 1146 698 num
1185 645 1315 713 quid
1355 644 1531 697 Varro
1574 646 1818 714 quamuis
1853 647 2163 700 iamdudum

345 736 400 788 id
453 734 723 807 pollicitus
782 733 849 786 ad
901 752 957 786 se
1006 734 1295 802 scriberet,
1361 733 1499 785 nihil
1550 734 1835 802 efficiatur,
1893 734 1998 786 nisi
2052 742 2170 788 tum·

348 828 421 881 M.
460 824 773 878 Terentium
811 842 944 893 opus
994 823 1138 892 quod
1188 823 1470 876 moliretur
1520 823 1757 875 nondum
1806 824 2166 878 transmisisse

349 924 402 968 ct
451 916 581 987 quid
632 917 934 969 elaboraret
979 916 1226 986 tacuisse,
1277 936 1387 969 non
1437 923 1552 970 erat
1602 936 1695 971 cur
1740 917 1806 972 Ο.
1845 919 2077 972 Mueller
2114 941 2164 993 p.

351 1003 417 1055 V.
446 995 539 1057 VI
570 1003 856 1072 dubitaret,
911 1004 1167 1057 maiorem
1231 1005 1409 1076 operis
1465 1004 1670 1076 partem
1721 1005 1827 1058 iam
1881 1015 1993 1061 tum
2032 1010 2165 1063 Var-

347 1111 535 1146 ronem
575 1090 889 1157 absoluisse,
952 1090 1046 1146 sed
1096 1092 1358 1159 consulte,
1406 1100 1466 1144 ut
1513 1100 1658 1145 tanta
1709 1093 1971 1147 librorum
2021 1098 2164 1150 mole

349 1183 509 1235 simul
552 1182 864 1234 transmissa
910 1180 1223 1252 inprudenti
1262 1182 1579 1236 stimulatori
1617 1185 1866 1237 ruborem
1905 1185 2167 1256 adferret,

347 1272 634 1325 retinuisse
683 1279 736 1323 et
785 1272 1000 1324 biennio
1047 1273 1295 1344 proximo
1354 1277 1422 1340 (a.
1455 1293 1507 1327 u.
1540 1273 1782 1328 DCOXI
1831 1293 2016 1328 mense
2055 1277 2166 1332 De—

350 1362 550 1414 cembri
622 1360 815 1415 Cicero
868 1370 1089 1414 necatus
1142 1369 1247 1428 est)
1306 1363 1555 1417 edidisse.
1636 1372 1687 1416 et
1737 1364 1994 1417 traditum
2049 1381 2171 1419 esse

348 1452 566 1505 uidetur
614 1453 782 1504 altera
838 1452 1055 1504 demum
1109 1453 1232 1504 anni
1274 1453 1566 1508 u.DGOX
1621 1462 1776 1526 parte
1823 1455 1915 1508 uel
1963 1463 2168 1527 postea,

349 1542 451 1597 nisi
490 1542 810 1596 Ciceronem
848 1542 1038 1595 eadem
1085 1562 1188 1611 qua
1225 1543 1530 1596 Varronem
1576 1544 1645 1596 ad
1689 1544 2037 1598 scribendum
2078 1564 2168 1599 ex-

353 1632 600 1685 citauerit
632 1631 952 1685 inmodestia
976 1632 1043 1683 de
1072 1650 1236 1702 opere
1264 1631 1366 1685 sibi
1393 1632 1556 1686 misso
1586 1632 1853 1686 iudicasse
1877 1632 2171 1700 existimeS,

353 1723 440 1790 qui
468 1722 524 1774 in
544 1722 682 1774 libro
703 1721 876 1791 primo
917 1721 984 1772 de
1022 1720 1215 1791 gloria,
1252 1738 1437 1774 mense
1458 1721 1721 1788 Quinctili
1741 1722 1867 1775 anni
1889 1721 2171 1777 u.DOOX

353 1813 552 1882 scripto
596 1812 690 1878 (cf.
723 1811 787 1863 E.
824 1811 916 1864 W.
953 1810 1181 1864 Fischer
1235 1829 1402 1864 roem.
1453 1812 1653 1866 zeittaf.
1701 1831 1752 1883 p.
1773 1811 1917 1882 321),
1975 1813 2174 1886 oppida

353 1903 497 1974 quod
536 1921 695 1972 opem
734 1902 926 1954 darent
978 1920 1096 1955 csse
1137 1903 1278 1955 dicta
1317 1902 1487 1971 (Fest.
1527 1923 1577 1973 p.
1598 1903 1699 1956 202
1739 1901 2040 1975 Oppidum)
2077 1923 2171 1975 po—

352 1993 473 2060 suit,
505 2001 720 2047 adiciens
755 2003 809 2047 ut
843 2001 1056 2047 imitetur
1079 2001 1289 2059 ineptias
1309 1997 1535 2060 (inertias
1557 1993 1670 2045 sch.
1695 1993 1875 2061 Laeti)
1899 2002 2172 2049 stoicorum.

352 2083 444 2151 (cf.
485 2084 552 2136 de
590 2084 625 2137 l.
664 2084 768 2137 LV
797 2084 890 2135 131
915 2103 966 2154 p.
987 2083 1125 2153 143).
1171 2083 1350 2137 Etiam
1385 2083 1731 2153 de-‘ingente
1769 2085 1947 2156 opere’
1991 2085 2171 2155 paullo

352 2174 509 2227 aliter
541 2194 603 2227 ac
640 2174 875 2228 Mueller
911 2174 1120 2246 putauit
1160 2173 1502 2227 statuendum
1552 2181 1648 2229 est.
1706 2193 1832 2226 nam
1885 2173 1929 2226 si
1965 2181 2173 2228 tantum

355 2265 629 2336 temporis,
681 2284 840 2335 quam
876 2265 970 2317 ille
1008 2282 1131 2316 cum
1167 2264 1224 2317 in
1263 2265 1366 2318 hoc
1403 2265 1698 2318 collocasse
1737 2264 1929 2334 uoluit,
1977 2264 2034 2318 in
2070 2264 2173 2319 sin-

352 2355 494 2426 gulis
532 2356 787 2427 operibus
827 2355 1263 2426 consumpsisset,
1319 2356 1415 2409 uix
1465 2355 1743 2410 dimidiam
1793 2364 2004 2428 partem
2045 2374 2172 2427 quo-

354 2449 512 2502 modo
551 2448 841 2520 perfecerit
876 2448 1156 2516 librorum,
1200 2467 1333 2517 quos
1373 2466 1497 2500 eum
1537 2447 1770 2501 edidisse
1825 2446 1892 2502 O.
1925 2446 2175 2500 Muelleri

353 2546 597 2609 tempore
636 2538 810 2591 minus
849 2556 1008 2607 qnam
1045 2556 1186 2589 nunc
1224 2537 1514 2603 constabat,
1566 2535 1664 2588 uix
1697 2542 1780 2588 est
1811 2534 2172 2607 perspicuum.

353 2629 511 2681 huius
545 2636 725 2681 autem
767 2628 944 2699 operis
984 2628 1195 2681 indoles
1235 2627 1479 2698 profecto
1519 2641 1628 2678 non
1683 2644 1746 2678 ea
1801 2633 1897 2695 est,
1945 2633 2010 2677 'ut
2055 2625 2176 2695 plus

353 2720 551 2772 laboris
592 2739 752 2791 quam
790 2720 894 2773 alia
929 2719 1030 2772 sibi
1069 2719 1374 2771 uindicasse
1424 2717 1798 2770 concedamus
1856 2731 1992 2787 quae
2033 2715 2175 2769 enim

354 2811 538 2880 graeci
594 2810 904 2882 philosophi
957 2818 1010 2861 ct
1062 2808 1400 2880 grammatici
1457 2808 1525 2860 de
1580 2825 1778 2878 graeca
1837 2807 2177 2860 elaborarant

353 2901 540 2969 lingua
580 2900 634 2952 in
680 2901 901 2952 latinam
950 2900 1235 2966 transtulit,
1292 2917 1519 2970 quorum
1568 2896 1799 2968 uestigia
1854 2913 2014 2968 quam
2062 2903 2175 2949 arte

356 2998 609 3061 sequatur
642 2991 731 3043 uel
770 3009 840 3042 cx
879 3008 1050 3060 paene
1092 2989 1286 3061 puerili
1324 2989 1484 3042 modo
1521 2995 1709 3042 contra
1757 3007 1854 3060 pro
1898 2986 1966 3039 de
2016 2986 2178 3040 rebus

357 3082 664 3154 disputandi
701 3082 940 3152 adparet.
1006 3081 1340 3151 singularum
1407 3094 1588 3133 rerum
1646 3086 1824 3132 autem
1879 3077 2176 3150 permultae

356 3175 661 3228 tritissimae
717 3174 766 3227 ei
815 3182 984 3243 erant,
1041 3174 1170 3226 alias
1227 3192 1295 3227 ex
1349 3173 1755 3227 collectionibus
1805 3192 1914 3227 non
1959 3164 2037 3225 ad'
2078 3173 2176 3225 hos

356 3274 561 3319 tantum
592 3266 757 3318 libros
789 3265 1205 3318 conscribendos
1248 3265 1508 3318 confectis
1541 3264 1734 3332 hausit,
1773 3271 1834 3316 ut
1858 3270 2029 3316 totum
2061 3264 2175 3315 fere

356 3357 554 3409 librum
593 3356 879 3427 septimum
920 3374 986 3407 ex
1027 3355 1259 3423 schedis,
1298 3356 1353 3407 in
1390 3355 1581 3423 quibus
1620 3361 1901 3427 poetarum
1932 3350 2176 3420 γλώσσας

359 3447 677 3516 conlegerat
719 3445 807 3514 (cf.
859 3443 924 3498 O.
968 3445 1200 3497 Mueller
1251 3446 1416 3516 praef.
1457 3465 1509 3516 p.
1530 3445 1629 3498 XI.
1697 3443 1905 3498 Ritschl
1948 3459 2180 3514 parerga

357 3535 572 3605 plaut.I
608 3554 660 3605 p.
685 3537 764 3588 77.
798 3536 935 3603 180),
989 3534 1118 3587 alias
1158 3552 1226 3586 ex
1265 3535 1417 3587 libris
1459 3534 1522 3586 ab
1562 3533 1680 3606 lpse
1733 3532 1889 3586 editis
1940 3531 2178 3603 repetiit,
