2372 4082
1163 363 1260 411 187

434 514 823 570 Athenodorus
863 515 997 571 duas
1034 531 1153 568 esse
1189 512 1472 586 prosodias
1512 512 1742 585 putauit,
1795 532 1958 566 unam
1994 511 2125 565 infe·

290 605 511 675 riorem,
549 607 775 660 alteram
811 607 1167 679 superiorem.
1238 604 1439 657 flexam
1492 612 1692 673 autem,
1739 623 1865 657 nam
1908 603 1984 657 ita
2031 623 2126 657 no-

292 704 405 751 stra
439 697 631 770 lingua
667 698 1076 766 περισπωμένην
1110 716 1388 764 uocamus‚
1440 695 1578 748 nihil
1622 695 1771 749 aliud
1809 714 1926 749 esse
1967 714 2129 766 quam

289 787 387 841 has
428 788 560 842 duas
594 789 654 842 in
683 809 791 842 una
828 789 1054 859 syllaba.

225 883 256 928 5
433 878 736 948 Dionysius
795 886 976 931 autem
1024 877 1331 932 Aristarchi
1391 877 1707 950 discipuluS,
1761 882 2126 948 cognomento

289 968 494 1039 Thrax,
531 969 692 1023 domo
726 969 1158 1038 Alexandrinus,
1199 969 1291 1039 qui
1336 969 1517 1023 Rhodi
1569 967 1768 1036 docuit,
1819 966 2123 1037 lyricorum

292 1067 580 1131 poetarum
613 1060 783 1130 longe
835 1060 1280 1127 studiosissimUS,
1335 1068 1446 1114 tres
1492 1059 1718 1113 tradidit
1754 1058 1946 1128 quibus
1982 1076 2129 1110 nunc

289 1168 477 1205 omnes
514 1158 741 1205 utuntur
774 1152 1002 1217 βαρεῖαν
1038 1148 1212 1213 ὀξεῖαν
1249 1152 1676 1219 περισπωμένη-ν.

427 1241 707 1311 Tyrannio
745 1259 878 1295 uero
917 1225 1230 1311 AmisenUS,
1262 1260 1426 1311 quem
1464 1242 1729 1296 Lucullus
1756 1240 2125 1295 Mithridatico

199 1338 258 1384 10
284 1331 434 1386 bello
470 1339 687 1403 captum
723 1331 894 1386 Lucio
935 1332 1199 1385 Murenae
1241 1333 1528 1402 concessit,
1580 1353 1611 1386 a
1665 1351 1770 1403 quo
1823 1333 1919 1385 ille
1965 1332 2128 1386 liber-

283 1431 392 1478 tate
441 1423 604 1478 simul
646 1432 701 1477 et
754 1424 976 1477 ciuitate
1028 1424 1256 1478 donatus
1311 1424 1431 1489 fuit,
1485 1432 1735 1495 quattuor
1784 1424 1971 1477 scribit
2008 1442 2127 1478 esse

282 1515 564 1588 prosodias
612 1516 838 1582 βαρεῖαν
897 1513 1064 1581 μέσην
1114 1513 1290 1577 ὀξεῖαν
1341 1524 1396 1570 et
1442 1514 1869 1583 περισπωμένην.
1978 1515 2128 1585 atqui

284 1606 578 1661 memoriae
616 1606 896 1679 proditum
934 1614 1015 1659 est
1050 1607 1195 1660 hunc
1233 1615 1357 1660 ante
1387 1608 1542 1665 ,alios
1600 1607 1769 1660 fuisse
1808 1607 2125 1679 pronuntia-

286 1697 435 1751 tione
470 1699 725 1769 peritum‚
765 1698 911 1768 quod
948 1716 1288 1770 nequaquam
1326 1699 1542 1771 assequi
1579 1698 1861 1772 potuisset,
1906 1698 2012 1752 nisi
2048 1706 2126 1751 te-

195 1794 251 1840 15
286 1807 423 1843 nore
458 1789 798 1860 singularum
826 1808 1023 1842 uocum
1063 1789 1486 1860 diligentissime
1526 1790 1844 1862 perquisito.

422 1881 490 1934 In
549 1881 738 1935 eadem
776 1881 1031 1953 opinione
1067 1889 1120 1934 et
1157 1881 1335 1934 Varro
1383 1882 1501 1951 fuit,
1552 1882 1644 1951 qui
1695 1883 1754 1935 in
1804 1882 1959 1953 leges
2002 1902 2127 1936 suas

285 1971 503 2043 redegit
543 1980 866 2026 accentuum
907 1973 1191 2026 scientiam
1232 1981 1285 2025 et
1324 1972 1643 2041 doctrinam,
1674 1973 1830 2043 isque
1879 1974 2127 2028 omnibus

287 2084 318 2117 a
355 2081 414 2117 se
451 2064 746 2137 propositis
781 2064 1216 2118 euidentissimas
1255 2066 1417 2118 affert
1448 2065 1814 2136 probationeS,
1833 2072 1892 2118 ut
1915 2065 1972 2118 id
1996 2084 2126 2135 quo-

287 2173 391 2225 que
431 2174 532 2228 pro
570 2155 751 2209 media
789 2155 1047 2228 prosodia
1084 2155 1230 2224 facit,
1272 2155 1506 2209 dicendo
1548 2156 1722 2227 ipsam
1759 2162 2003 2210 naturam
2046 2156 2125 2210 ni-

284 2308 600 2353 dicendum
632 2311 737 2352 est.
799 2322 917 2364 quae
946 2322 1021 2351 res
1054 2322 1108 2352 eo
1141 2309 1313 2352 maiore
1347 2324 1451 2353 cum
1483 2325 1596 2354 cura
1627 2311 1874 2354 tractanda
1894 2312 1979 2364 est,
2002 2310 2127 2367 quod

283 2371 447 2413 nostra
477 2369 598 2412 ratio
631 2369 689 2412 ab
723 2368 944 2425 opinione
975 2367 1068 2410 iam
1098 2369 1361 2413 inueterata
1393 2373 1441 2413 et
1478 2370 1683 2413 omnium
1714 2370 1811 2414 fere
1848 2371 2013 2414 animis
2046 2370 2125 2414 ad-

287 2427 381 2472 fixa
425 2427 673 2484 discrepat.
735 2427 1158 2472 Athenodorus
1206 2429 1394 2472 duas.
1435 2462 1444 2472 .
1485 2462 1494 2472 .
1537 2429 1799 2473 inferior
1839 2430 2004 2474 inter
2052 2445 2122 2474 se.

289 2484 373 2531 sed
402 2487 492 2532 hoc
522 2487 703 2530 mediae
730 2487 978 2543 prosodiae
999 2487 1126 2542 satis,
1161 2502 1251 2544 quo
1283 2488 1384 2544 quis
1415 2489 1533 2532 sciat
1565 2503 1665 2532 esse
1696 2490 2020 2545 quaerendam.
2053 2504 2124 2533 ce-

279 2549 432 2590 terum
467 2547 546 2602 qui
578 2546 699 2590 hanc
733 2547 964 2603 ignorant,
998 2547 1118 2602 'quia
1149 2548 1247 2591 sola
1283 2551 1529 2603 nouerunt,
1575 2563 1691 2604 quae
1740 2549 1908 2593 scholis
1939 2549 2126 2593 studue-

425 2676 449 2720 1
492 2676 545 2720 at
583 2671 862 2720 henodorus
895 2674 944 2722 L
968 2675 991 2732 ΙΙ
1019 2677 1046 2722 3
1081 2675 1393 2739 perispomen
1413 2677 1462 2725 L
1486 2676 1510 2733 ΙΙ
1534 2678 1818 2725 uocauimus
1842 2679 1891 2726 L
1915 2679 1939 2737 ΙΙ
1966 2678 1994 2724 5
2023 2678 2127 2726 dio-

1580 2752 1603 2774 u

278 2786 433 2834 nisius
472 2786 522 2834 L
543 2779 569 2849 ss
595 2785 821 2832 aristarci
857 2786 1008 2844 13116
1046 2791 1159 2835 trax
1196 2789 1246 2836 L
1269 2791 1293 2846 Η
1318 2789 1627 2837 alexandrios
1664 2807 1694 2837 a
1729 2791 1814 2854 qui
1852 2791 1981 2838 rodii
2017 2791 2067 2839 L
2093 2788 2121 2851 ΙΙ

278 2857 529 2904 liricorum
549 2857 598 2906 L
621 2857 645 2914 ΙΙ
672 2857 702 2902 8
740 2855 880 2904 baria
911 2858 1091 2905 noxian
1124 2859 1500 2922 perispomenon
1517 2861 1566 2908 L
1589 2854 1615 2926 ΙΙ
1641 2863 1668 2908 9
1707 2862 1969 2923 tyrannion
2005 2877 2124 2908 uero

277 2927 538 2975 iamisenus
576 2927 625 2975 L
649 2928 674 2984 ΙΙ
696 2925 893 2973 lucillus
929 2929 1230 2976 mitridatico
1267 2931 1316 2978 L
1356 2926 1380 2993 Η
1423 2931 1486 2977 10
1523 2935 1719 2994 captam
1756 2947 1884 2980 corr.
1921 2934 1976 2979 in
2012 2948 2124 2995 cap-

279 2999 385 3044 tum
421 2997 471 3045 L
494 2998 519 3055 ΙΙ
541 3013 743 3044 munere
777 3012 904 3045 corr.
940 3000 994 3046 in
1022 3015 1222 3047 murene
1259 3002 1309 3049 L
1333 2997 1357 3064 Η
1382 3003 1596 3048 concesit
1630 3002 1679 3049 L
1703 2995 1728 3066 Η
1753 3018 1849 3064 quo
1887 3002 1972 3048 illo
2014 3002 2063 3049 L
2091 2999 2119 3061 ΙΙ

284 3070 344 3114 11
385 3059 500 3132 fuit]
538 3068 604 3115 sit
639 3067 689 3114 L
725 3068 749 3125 ΙΙ
790 3070 852 3114 12
905 3067 1079 3116 barian
1127 3070 1528 3120 mesehenoxiant
1570 3073 2000 3135 perispomenenat
2039 3072 2124 3134 qui

279 3172 468 3242 L1114
500 3177 738 3242 Peritum]
777 3181 1020 3242 potiorem
1040 3182 1089 3229 L
1113 3176 1138 3247 Η
1161 3186 1378 3247 assequi]
1421 3200 1526 3232 esse
1567 3185 1652 3247 qui
1685 3185 1735 3232 L
1775 3177 1800 3248 Η
1844 3187 1904 3232 16
1948 3184 2033 3245 qui
2070 3177 2123 3229 in

280 3248 433 3298 Endl.
474 3250 593 3311 quin
625 3249 674 3296 L
698 3243 723 3314 Η
751 3250 812 3296 17
848 3250 1031 3311 redigit
1068 3253 1117 3300 L
1155 3268 1281 3301 corr.
1318 3255 1474 3303 Endl.
1513 3248 1538 3319 ΙΙ
1570 3254 1776 3302 scientia
1811 3256 1861 3301 et
1897 3253 2121 3300 doctrina

280 3317 330 3365 L
351 3319 618 3366 scientiam.
640 3318 865 3367 doctrina
882 3320 1038 3368 Endl.
1062 3315 1089 3386 ΙΙ
1112 3323 1275 3385 isque]
1300 3325 1402 3371 eius
1424 3341 1549 3387 quae
1568 3325 1618 3372 L
1641 3319 1666 3388 ΙΙ
1693 3326 1755 3371 18
1779 3323 2010 3386 quodque
2025 3314 2117 3386 Lll

284 3388 345 3433 19
379 3387 614 3455 prodosia
632 3390 682 3438 L
705 3383 730 3452 ss
753 3390 957 3437 dicendo
994 3385 1170 3458 ipsam]
1212 3393 1291 3441 hic
1324 3396 1501 3454 incipit
1525 3394 1662 3443 Wasz'
1682 3392 1762 3454 (cf.
1784 3407 1943 3452 supra
1955 3406 2011 3450 p.
2033 3388 2118 3451 49)

278 3460 555 3517 eoeeerptum
573 3451 667 3522 (=
680 3452 773 3525 W)
811 3460 888 3507 his
911 3462 1100 3509 uerbis:
1143 3463 1302 3511 Varro
1334 3464 1564 3512 laudatus
1600 3466 1655 3511 in
1690 3463 1855 3511 Seruii
1871 3462 1972 3509 Ms.
1990 3459 2116 3520 Gap.

277 3526 338 3574 de
372 3525 620 3593 siccent—ip.
660 3530 889 3589 pluribus
916 3544 1016 3588 pro
1049 3531 1225 3580 Media
1262 3530 1504 3582 Prosodia
1542 3535 1722 3595 affluit,
1779 3532 1889 3596 ipsa
1932 3531 1984 3578 in
2034 3545 2119 3578 na-

278 3597 392 3642 tura
423 3592 547 3642 nihil
580 3597 741 3646 totum
762 3592 790 3664 ΙΙ
