2314 4056
1204 306 1298 352 182

335 452 490 505 ritate
528 471 622 505 sua
658 454 895 521 efficere,
948 459 1009 505 ut
1043 452 1096 504 H
1133 452 1282 524 prius
1318 459 1552 524 ponatur
1594 469 1657 503 ea
1691 452 1887 519 littera,
1938 450 2023 503 cui
2061 449 2152 502 ad-

336 540 686 612 spirationem
721 541 979 608 conferat‚
1018 548 1073 594 et
1108 547 1258 594 tanto
1293 539 1467 611 magis
1492 539 1596 591 hoc
1614 546 1785 592 tentat
1807 540 2154 611 persuadere,

337 630 482 699 quod
519 631 799 684 uocalibus
831 649 1044 702 quoque
1077 631 1217 684 dicat
1253 630 1510 702 anteponi
1546 637 1605 682 ut
1637 630 1814 698 heresi,
1848 629 2048 686 hircus.

244 805 303 855 57
472 804 704 857 Varroni
729 805 909 876 placet
937 805 986 859 R
1020 804 1276 872 litteram,
1314 803 1359 856 si
1386 804 1560 876 primo
1601 803 1722 856 loco
1759 809 2009 875 ponatur,
2045 821 2156 856 non

335 893 614 963 adspirari.
685 896 858 948 lector
899 895 1041 949 enim
1080 896 1217 968 ipse,
1255 894 1446 965 inquit,
1490 893 1816 964 intellegere
1853 892 2016 953 debet
2052 891 2155 944 Ro·
2189 904 2217 949 5

336 981 482 1051 dum,
516 989 696 1035 tamen
734 984 1042 1037 etsiHnon
1077 985 1258 1051 habet,
1298 983 1551 1037 Rhodum
1590 1000 1726 1051 esse,
1763 989 1998 1036 retorem
2035 982 2155 1036 rhe-

332 1079 522 1125 torem.

238 1239 299 1288 58
478 1224 564 1277 De
605 1225 662 1278 H
701 1226 883 1279 littera
924 1227 1199 1298 quaeritur
1244 1245 1378 1299 quae
1428 1245 1486 1281 se
1521 1246 1640 1279 cum
1681 1226 1765 1280 his
1808 1233 1899 1279 aut
1935 1225 2161 1293 inseruit

332 1315 556 1369 uocibus
593 1324 683 1369 aut
718 1318 1053 1390 praeposuit;
1097 1319 1341 1387 inseruit,
1374 1325 1434 1371 ut
1471 1318 1528 1369 in
1569 1316 1682 1370 his:
1739 1317 2033 1370 uehemens
2068 1334 2152 1370 re-

332 1406 639 1476 prehendit,
662 1427 782 1460 cum
817 1409 1184 1479 elegantiores
1222 1417 1274 1462 et
1311 1415 1627 1461 ueementer
1657 1407 1837 1461 dicant
1861 1415 1914 1460 et
1932 1425 2152 1480 repren-
2185 1419 2241 1463 10

334 1497 411 1549 dit
444 1497 746 1550 secundum
782 1498 1012 1568 primam
1041 1499 1380 1570 positionem.
1471 1499 1681 1570 prendo
1729 1499 1876 1551 enim
1928 1498 2154 1551 dicimus

333 1607 444 1642 non
465 1589 764 1659 prehendo,
816 1597 870 1642 at
902 1591 1231 1662 praeposuit,
1271 1598 1331 1642 ut
1368 1610 1491 1643 cum
1528 1590 1706 1643 dicas:
1746 1589 1918 1643 hostis
1954 1589 2156 1642 harena

331 1677 564 1732 halicarn
602 1688 655 1732 et
697 1680 1008 1749 haliculam,
1067 1701 1189 1734 cum
1224 1682 1288 1733 ab
1329 1680 1524 1733 alendo
1562 1680 1732 1751 possit
1766 1680 1903 1734 alica
1939 1679 2059 1743 dici,
2102 1686 2156 1732 et

333 1767 584 1821 aliculam
622 1770 932 1824 existiment
973 1771 1189 1838 dictam,
1227 1771 1372 1840 quod
1411 1771 1521 1823 alas
1557 1771 1710 1824 nobis
1747 1770 1947 1824 iniecta
1984 1770 2150 1823 conti—

331 1914 476 1957 diant.
536 1913 791 1958 Prisc.125
822 1930 867 1971 p.
891 1919 958 1969 19,
992 1920 1068 1960 12:
1113 1920 1180 1961 Pk
1212 1920 1369 1961 autem
1407 1917 1514 1961 ideo
1555 1931 1649 1960 non
1681 1919 1753 1959 est
1784 1915 2065 1959 translatum
2097 1917 2155 1960 ab

329 1973 423 2017 illis
452 1974 502 2015 in
528 1973 667 2016 aliam
698 1974 910 2031 figuram,
953 1976 1077 2031 quod
1114 1991 1201 2019 nec
1242 1978 1307 2019 sie
1338 1977 1556 2020 cohaeret
1586 1976 1695 2019 huic
1731 1975 1962 2031 quomodo
1995 1975 2152 2028 mutis,

329 2047 416 2076 nec
448 2033 488 2075 si
520 2033 718 2076 tollatur
747 2034 915 2077 minuit
937 2035 1341 2092 significationem.
1378 2036 1587 2092 quamuis
1619 2036 1742 2078 enim
1765 2036 2006 2078 subtracta
2037 2035 2156 2090 aspi-

331 2093 513 2136 ratione
545 2093 725 2136 dicam:
758 2095 890 2137 retor
918 2094 1109 2150 Pyrrus,
1144 2095 1413 2138 intellectus
1445 2095 1632 2151 integer
1661 2097 1835 2146 manet,
1881 2107 1976 2137 non
2018 2093 2157 2137 aliter

336 2166 476 2208 quam
507 2152 547 2194 si
584 2153 863 2196 antecedens
910 2155 1152 2198 uocalibus
1196 2154 1449 2206 auferatur,
1496 2154 1621 2197 unde
1663 2153 1928 2196 ostenditur
1967 2167 2025 2196 ex
2067 2152 2158 2196 hoc

333 2225 517 2267 quoque
547 2211 703 2267 aliqua
733 2227 834 2256 esse
868 2213 1085 2270 cognatio
1103 2214 1146 2257 R
1171 2213 1360 2257 litterae
1394 2228 1500 2256 cum
1529 2212 1786 2256 uocalibus.
1847 2226 1905 2255 ex
1936 2224 2027 2268 quo
2059 2212 2158 2268 qui-

331 2269 440 2314 dam
471 2270 821 2324 dubitauerunt,
847 2275 1008 2315 utrum
1029 2273 1260 2329 praeponi
1278 2274 1448 2317 debeat
1466 2273 1574 2316 huic
1591 2270 1814 2328 aspiratio
1846 2285 1904 2314 an
1920 2271 2158 2328 subiungi.

484 2352 555 2394 57.
590 2351 857 2395 Cassiodori
878 2351 1068 2396 Cornut.
1087 2352 1387 2409 p.2286P.p.
1405 2354 1521 2396 577A
1553 2351 1733 2394 Garet.:
1754 2350 1997 2395 Varroni
2036 2350 2159 2394 enim

333 2409 540 2465 placet
572 2444 582 2453 .
617 2444 627 2453 .
659 2444 669 2454 .
713 2414 981 2455 retorem
1025 2413 1349 2456 rhetorem.
1423 2412 1505 2455 sed
1552 2411 1717 2455 eadem
1752 2409 2022 2454 obseruatio
2063 2424 2158 2454 non

330 2469 592 2512 necessaria
626 2470 754 2513 estR
770 2471 971 2514 litterae.
1010 2475 1119 2515 sunt
1145 2473 1267 2514 enim
1298 2472 1445 2516 uerba
1472 2471 1624 2528 primo
1648 2470 1752 2513 loco
1769 2469 1811 2513 R
1837 2469 2046 2512 litteram
2078 2469 2158 2512 ha-

331 2527 490 2572 bentia
521 2543 615 2572 non
641 2531 793 2573 minus
823 2530 970 2574 latina
1005 2545 1142 2587 quam
1172 2545 1353 2587 graeca.
1414 2530 1573 2586 itaque
1595 2529 1764 2573 merito
1786 2528 2047 2572 auferemus
2077 2531 2159 2572 aut

331 2588 647 2632 amouebimus
678 2589 1068 2646 adspirationem:
1101 2591 1249 2634 Roma
1278 2591 1442 2647 regina
1474 2604 1588 2646 rapa
1617 2588 1790 2632 Rodus.
1854 2593 1911 2645 cf.
1926 2590 2158 2632 Prisciani

271 2665 279 2685 ³
333 2651 470 2692 uerba
502 2650 560 2691 ad
589 2652 728 2704 fr.56.
761 2653 1000 2708 exscripta.

333 2785 371 2829 B
494 2728 571 2830 38.
634 2729 733 2773 Vel.
767 2728 913 2787 Long.
955 2746 1000 2786 p.
1029 2729 1146 2773 2229
1169 2729 1243 2775 P.:
1291 2729 1357 2773 Et
1402 2728 1469 2772 de
1499 2729 1543 2772 H
1587 2727 1802 2772 littera
1841 2759 1852 2770 .
1895 2759 1906 2770 .
1950 2759 1962 2771 .
2007 2724 2155 2770 Otho

383 2799 483 2830 occ
534 2802 612 2831 us.

476 2912 504 2959 5
549 2928 674 2975 quae
711 2913 1091 2975 adspirationem
1110 2912 1160 2960 B
1198 2931 1321 2976 quae
1357 2913 1420 2960 ad
1455 2913 1839 2976 adspirationem
1857 2910 1907 2959 A
1929 2904 1955 2976 ΙΙ
1979 2913 2007 2958 2
2047 2927 2156 2958 con-

333 2982 462 3028 ferat
485 2982 636 3030 edidit
652 2983 926 3030 Fornerius
961 2977 1146 3047 (Paris.
1170 2980 1329 3046 1588)
1359 2983 1572 3030 conferet
1591 2980 1640 3029 B
1676 2980 1929 3030 confertA
1950 2974 1976 3047 ΙΙ
1999 2984 2155 3044 temp-

334 3054 411 3098 tat
442 3049 493 3098 Β
516 3045 540 3115 ΙΙ
565 3053 593 3098 3
633 3068 700 3115 qu
726 3088 736 3098 .
757 3089 767 3099 .
789 3052 1040 3100 uocalibus
1077 3048 1234 3116 (quod
1272 3049 1424 3113 corr.)
1468 3051 1518 3099 B
1563 3055 1621 3099 ut
1654 3051 1905 3098 uocalibus
1941 3052 1991 3101 A
2014 3045 2153 3117 Ηξᾳς

335 3120 383 3168 A
407 3123 431 3179 ΙΙ
466 3124 493 3168 4
530 3122 706 3185 placet.
741 3121 790 3168 h.
826 3122 995 3170 littera
1027 3121 1077 3169 B
1111 3124 1274 3186 placet
1306 3122 1342 3168 h
1375 3123 1520 3170 litera
1553 3121 1602 3169 A
1625 3116 1650 3184 Η
1691 3121 1733 3168 si
1764 3137 1855 3183 pro
1891 3122 1998 3170 loco
2040 3119 2143 3183 ΒΗ

336 3192 365 3238 5
412 3193 518 3256 ipse
550 3192 823 3254 intelligere
863 3192 1008 3240 debet
1042 3194 1204 3256 inquit
1238 3191 1287 3240 A
1327 3194 1352 3252 Η
1390 3191 1536 3240 debet
1571 3190 1799 3238 Rhodum
1834 3191 1883 3240 A
1921 3188 1946 3257 ΙΙ
1990 3195 2018 3241 6
2057 3209 2155 3240 non

334 3277 424 3310 om.
463 3261 513 3310 A
536 3264 559 3319 ΙΙ
581 3262 757 3310 rodum
796 3278 899 3310 esse
927 3261 1028 3310 AB
1051 3257 1076 3326 ΙΙ
1097 3266 1322 3311 retorem.
1355 3261 1599 3310 rethorem
1629 3259 1679 3308 B
1702 3255 1727 3324 ΙΙ
1751 3262 1781 3307 8
1819 3262 1878 3310 de
1913 3263 2016 3312 cod.
2049 3263 2152 3312 uid.

336 3333 498 3380 adnot.
538 3332 604 3381 ad
631 3332 700 3392 fr.
719 3334 785 3382 45
825 3334 886 3382 de
922 3332 1014 3380 hac
1050 3333 1194 3381 litera
1220 3326 1308 3430 KH
1331 3348 1438 3380 cum
1470 3329 1648 3388 his]‘??
1672 3325 1698 3396 ΙΙ
1724 3330 1787 3378 10
1815 3334 1864 3379 et
1881 3324 2150 3398 reprendit]

336 3443 391 3490 In
414 3444 675 3572 treltalrie'ndit
714 3438 800 3510 Vss
827 3447 890 3494 12
926 3442 1108 3513 harenq
1138 3444 1392 3494 ha:alicam
1427 3447 1476 3492 et
1509 3442 1732 3491 aliculam
1777 3444 1819 3494 V
1838 3437 1865 3509 ΙΙ
1891 3445 1954 3492 14
1992 3443 2156 3492 existi-

336 3528 412 3560 me
