2294 4062
1033 339 1091 383 11

145 485 260 541 lent
296 493 350 539 et
387 485 445 537 in
484 483 636 537 libris
676 483 743 536 de
774 482 962 554 lingua
985 482 1168 549 latina,
1197 501 1426 552 quorum
1448 502 1617 554 pauca
1646 499 1974 535 memorasse

145 575 395 630 sufficiat.
441 594 557 627 cum
612 574 690 627 eis
738 592 875 644 quae
920 573 992 626 ibi
1035 573 1296 643 leguntur
1348 573 1415 626 de
1455 573 1573 625 loco
1612 572 1687 642 (V
1714 572 1777 624 14
1811 591 1862 643 p.
1882 572 1974 642 24)

146 667 396 721 conferas
433 666 711 720 Zenonem
751 664 894 735 apud
932 662 1087 718 Stob.
1131 663 1233 716 ecl.
1268 663 1426 735 phys.
1463 663 1491 715 I
1523 664 1602 730 19,
1637 664 1682 730 1,
1734 663 1800 716 de
1839 670 1974 716 tem-

145 773 279 829 pore
313 756 470 824 0⁷13
509 774 560 826 p.
586 756 706 821 186)
748 740 1150 827 Apollodorum
1189 755 1334 826 apud
1367 753 1520 809 stob.
1541 754 1575 806 1.
1598 754 1689 808 s.1
1715 755 1764 822 9,
1782 754 1868 820 42,
1907 754 1976 806 de

143 845 262 918 igni
302 846 379 915 (V
403 847 470 898 70
491 867 543 919 p.
562 846 649 916 76)
691 845 1061 918 Chrysippum
1102 846 1244 918 apud
1283 846 1424 899 Plut.
1452 846 1520 898 de
1556 846 1705 899 stoic.
1742 863 1974 916 repugn.

146 957 198 1010 p.
221 937 354 991 1053
374 937 446 1006 A,
485 936 552 989 de
590 945 738 989 motu
776 937 907 990 solis
949 938 1056 1003 (VI
1081 938 1114 988 4
1155 957 1207 1009 p.
1233 937 1331 990 186
1352 938 1455 1008 sq.)
1504 936 1784 990 Zenonem
1831 935 1974 1006 apud

146 1026 302 1082 Stob.
338 1028 374 1081 l.
412 1029 447 1081 l.
485 1030 514 1082 I
547 1028 631 1095 ⁸26,
658 1029 719 1096 3,
773 1028 838 1080 de
893 1028 1102 1081 animae
1154 1028 1395 1100 partibus
1443 1027 1643 1095 (VIIII
1669 1026 1737 1079 30
1775 1044 1825 1097 p.
1851 1025 1975 1090 476)

145 1118 324 1173 Laert.
343 1119 645 1189 Diog.V11
672 1120 786 1172 110.
816 1120 933 1187 157,
976 1120 1169 1189 quibus
1197 1119 1423 1172 conlatis
1452 1119 1587 1171 haec
1626 1136 1654 1170 e
1684 1118 1975 1171 stoicorum

145 1216 329 1263 mente
367 1209 567 1281 scripta
605 1226 722 1261 esse
760 1208 991 1277 uidebis,
1029 1217 1082 1261 et
1121 1208 1196 1260 sic
1235 1210 1402 1261 multa
1444 1209 1697 1275 (ef.V59
1716 1228 1767 1280 p.
1787 1208 1855 1260 64
1875 1211 1976 1277 sq.)

146 1319 284 1372 quae
325 1301 395 1354 ad
430 1319 614 1355 rerum
652 1309 899 1353 naturam
944 1309 1205 1372 spectant.
1257 1300 1484 1371 perinde
1534 1319 1645 1352 non
1692 1319 1863 1372 pauca
1907 1318 1974 1352 ne

147 1391 324 1445 dicam
364 1391 544 1444 omnia
586 1409 655 1444 ex
681 1409 864 1444 eorum
895 1391 1175 1444 dialectica
1190 1392 1496 1444 Varronem
1528 1390 1820 1462 sumpsisse
1841 1408 1975 1458 quae

146 1482 307 1537 modo
345 1482 413 1535 de
434 1481 708 1535 Antiocho
741 1481 1012 1552 disputaui
1049 1482 1276 1550 docent3
1317 1482 1374 1534 in
1411 1482 1572 1534 rebus
1610 1480 1975 1552 grammaticis

149 1593 272 1629 eum
307 1592 467 1647 saepe
489 1573 555 1626 ab
595 1571 800 1625 eisdem
834 1571 1092 1642 pendere,
1124 1571 1313 1624 itidem
1345 1571 1613 1641 exemplis
1654 1569 1976 1640 quibusdam

150 1662 448 1717 ostendam.
527 1661 871 1732 Chrysippus
923 1661 1064 1715 inter
1115 1661 1333 1714 nomina
1384 1668 1437 1713 et
1482 1662 1748 1714 uocabula
1778 1661 1975 1714 distin-

149 1753 231 1806 xit
267 1753 468 1820 (Laert.
509 1751 810 1822 Diog.V11
839 1751 904 1804 57
937 1769 1016 1820 sq.
1058 1752 1124 1803 cf.
1166 1750 1235 1805 Gr.
1267 1750 1612 1807 Schoemann
1650 1750 1801 1802 lehre
1842 1769 1889 1802 v,
1926 1749 1976 1802 (1.

147 1841 358 1895 redeth.
396 1859 449 1912 p.
471 1841 578 1908 79),
625 1840 920 1894 stoicorum
971 1840 1155 1893 nescio
1206 1839 1296 1910 qui
1333 1839 1655 1911 pronomina
1697 1860 1818 1894 cum
1856 1840 1977 1892 arti-

149 1932 286 1986 culis
309 1932 582 2000 articulos,
619 1931 714 1984 illa
740 1931 920 1985 finitos
949 1932 1047 1984 hos
1069 1931 1328 1998 infinitos,
1350 1931 1979 2004 adpellaue1·unt(Apol-

147 2024 255 2077 lon.
299 2023 366 2076 de
405 2041 559 2094 pron.
598 2044 648 2096 p.
668 2023 780 2093 48);
817 2031 1105 2092 utrumque
1143 2023 1307 2075 habet
1344 2022 1519 2074 Varro
1541 2023 1682 2075 VIII
1697 2023 1766 2077 45
1785 2024 1978 2095 p 424,

149 2133 382 2186 quorum
417 2115 648 2168 alterum
686 2132 876 2183 parum
899 2113 967 2164 ad
992 2113 1238 2182 linguam
1267 2111 1487 2164 latinam
1512 2112 1978 2165 accommodatum

148 2223 267 2261 esse
304 2206 477 2260 uides.
516 2205 716 2260 stoicos
743 2213 960 2259 secutus
991 2205 1229 2278 quinque
1264 2223 1418 2256 casus
1438 2203 1601 2273 (VIII
1624 2202 1689 2255 16
1710 2223 1763 2278 p.
1782 2203 1910 2272 403)
1934 2205 1973 2273 ¹)

315 2461 359 2519 1)
394 2463 548 2507 Verba
580 2463 647 2507 sic
682 2464 901 2521 leguntur
942 2463 988 2507 in
1023 2464 1183 2508 codice
1218 2463 1488 2508 Florentino
1527 2466 1747 2521 quantum
1782 2462 1979 2506 sciamus

143 2549 328 2600 propter
361 2557 510 2585 eorum
542 2545 617 2599 qui
647 2542 923 2584 dicuntur
956 2552 1058 2586 sunt
1091 2544 1308 2586 declinari
1339 2560 1486 2596 casus,
1530 2548 1597 2587 uti
1633 2549 1671 2587 is
1707 2548 1781 2602 qui
1815 2546 1865 2587 de
1904 2545 1975 2586 al-

145 2629 239 2664 tero
272 2621 456 2673 diceret,
493 2623 766 2679 distinyuere
787 2633 937 2680 posset
969 2639 1066 2666 cum
1101 2633 1287 2667 vocaret
1318 2639 1415 2667 cum
1449 2626 1575 2667 claret
1607 2641 1703 2667 cum
1725 2633 1976 2675 accusaret,

144 2701 210 2740 sic
240 2700 339 2742 alia
373 2700 588 2742 eiusmodi
631 2698 743 2755 (Sp.,
795 2701 988 2742 eiusdem
1026 2699 1082 2755 F)
1126 2702 1405 2754 discrimina,
1449 2719 1561 2759 quae
1596 2720 1673 2747 nos
1708 2713 1747 2747 et
1781 2706 1976 2747 Graecos

144 2779 203 2822 ad
234 2779 548 2823 declinandum
580 2781 814 2823 dumet-unt.
848 2784 946 2823 siue
978 2786 1289 2825 controuersia
1324 2793 1424 2826 sunt
1461 2788 1664 2841 quinque.
1730 2784 1979 2841 legendum

144 2869 328 2918 propter
361 2876 510 2903 eorum
541 2863 617 2916 qui
649 2862 851 2904 dicunt
886 2871 1157 2904 naturam
1178 2845 1981 2921 <D1GVNTVRpr0DIOENATVfi),

149 2953 255 2983 cum
283 2938 398 2983 haec
429 2939 742 2996 superioribus
775 2940 832 2984 14
861 2956 906 2997 p.
924 2940 1011 2984 402
1043 2941 1356 2997 respondeant
1395 2947 1444 2987 in
1487 2961 1569 2987 sua
1603 2946 1865 2988 discrimina
1896 2947 1976 2988 ‹le-

143 3021 375 3064 clia-antur
425 3021 643 3076 (uomina)
685 3031 764 3066 aut
809 3031 1047 3079 propter
1093 3025 1289 3080 ipsius
1336 3028 1428 3067 rei
1476 3035 1747 3068 naturam
1794 3026 1844 3066 de
1891 3041 1977 3080 qua

143 3100 246 3155 (quo
262 3097 322 3153 F)
355 3099 536 3152 dicitur,
567 3108 645 3143 aut
676 3108 917 3156 propter
946 3102 1152 3154 illius,
1188 3105 1283 3157 qui
1315 3103 1480 3146 dicit.
1511 3113 1693 3160 propter
1725 3106 1867 3153 ipsius
1901 3108 1972 3147 rei

143 3180 406 3222 discrimina
437 3188 515 3222 aut
549 3181 600 3222 ab
635 3188 726 3222 toto
764 3189 841 3223 aut
875 3196 901 3222 a
933 3190 1062 3236 parte
1094 3194 1131 3223 e.
1152 3194 1194 3235 q.
1214 3196 1267 3235 s,
1301 3196 1390 3237 quo
1420 3182 1522 3226 loco
1544 3182 1751 3226 breuiter
1771 3187 1974 3226 tractato

142 3258 202 3303 ad
229 3258 424 3302 alteram
458 3258 822 3302 declinationum
855 3258 1052 3311 causam,
1108 3259 1231 3303 illius
1276 3260 1355 3316 qui
1397 3241 1512 3304 [iicit
1546 3266 1758 3305 naturam
1793 3262 1974 3306 transit.

141 3337 279 3383 aliter
310 3338 476 3382 statuit
508 3340 560 3384 G.
598 3340 886 3384 Schoemann
919 3342 946 3384 l.
981 3355 1014 3384 S.
1049 3357 1092 3398 p.
1116 3342 1170 3386 13
1205 3343 1306 3386 n.2.
1349 3346 1568 3386 secuntur
1605 3342 1714 3385 haec
1759 3345 1855 3399 quis
1889 3359 1973 3386 uo-

142 3425 268 3465 cetur
299 3425 348 3462 ut
383 3419 610 3474 Hercules,
643 3420 1000 3476 quemadmodum
1032 3430 1216 3464 uocetur
1258 3430 1304 3464 ul
1351 3423 1552 3475 Hercule,
1585 3436 1667 3474 quo
1710 3430 1892 3463 uocetur
1924 3429 1974 3464 ut

144 3495 202 3542 ad
230 3496 485 3551 Herculem,
533 3514 562 3540 α
595 3514 677 3554 quo
710 3506 894 3540 uocetur
923 3506 971 3540 ut
1010 3500 1063 3541 ab
1097 3499 1305 3550 Hercule,
1354 3501 1428 3541 cui
1459 3506 1640 3541 uocetur
1684 3506 1734 3540 ut
1770 3498 1971 3550 Herculi,

142 3577 272 3624 cuius
303 3585 486 3620 uocetur
517 3586 566 3620 ut
599 3579 824 3621 Herculis.
859 3576 1087 3623 mirabere
1118 3594 1210 3622 non
1246 3578 1444 3634 quinque
1478 3579 1558 3622 sed
1594 3593 1674 3622 sex
1705 3593 1837 3623 casus
1870 3593 1974 3635 pro-
