2280 4088
1050 326 1144 373 1¹71

184 478 464 542 quattuor:
500 478 692 529 natura
729 471 981 542 analogia
1016 471 1414 524 consuemdine
1439 471 1776 526 auctoritate.
1831 477 2021 524 natura

184 563 480 619 uerborum
530 563 788 632 omnium,
849 581 986 635 quae
1025 562 1359 616 inmutabilis
1408 569 1507 631 est,
1560 580 1674 615 non
1734 562 2022 634 quicquam

185 660 277 706 aut
317 653 495 707 minus
549 662 640 707 aut
693 654 815 725 plus
872 653 1097 706 tradidit
1144 653 1320 722 nobiS,
1376 673 1535 725 quam
1593 653 1738 724 quod
1792 653 2022 725 accepit.

183 763 310 798 nam
348 745 394 799 si
429 745 547 815 quis
591 744 735 798 dicat
771 745 1008 799 scrimbo
1049 744 1195 815 quod
1233 750 1315 796 est
1351 742 1548 813 scribO,
1598 762 1710 797 non
1741 742 2024 814 analogiae

126 842 155 886 5
183 835 387 889 uirtute
407 833 520 889 'sed
557 843 782 889 naturae
814 835 986 908 'ipsius
1026 835 1411 889 constitutione
1448 835 1806 888 conuincitur.
1845 829 2021 888 analo-

186 927 280 998 gia
316 927 580 981 sermonis
622 947 652 980 a
684 935 878 981 natura
912 927 1115 999 proditi
1143 917 1411 981 ordinatio
1444 934 1527 979 est
1553 925 1857 980 secundum
1876 924 2024 979 tech-

183 1016 335 1071 nicos
369 1013 551 1090 neque
590 1018 748 1071 aliter
783 1019 1066 1072 barbaram
1102 1017 1349 1090 linguam
1391 1018 1457 1070 ab
1496 1016 1709 1070 erudita
1741 1034 1905 1087 quam
1943 1034 2024 1068 ar·

184 1109 413 1177 gentum
453 1128 484 1161 a
518 1108 742 1181 plumbo
781 1103 1054 1164 dissociat.
1129 1107 1464 1162 consuetudo
1505 1122 1615 1161 non
1653 1107 1864 1161 ratione
1901 1125 2024 1162 ana-

181 1197 363 1268 logiae
399 1199 496 1253 sed
533 1199 744 1253 uiribus
778 1219 877 1272 par
913 1207 1011 1268 est,
1050 1192 1173 1254 ideo
1212 1200 1388 1254 solum
1426 1208 1667 1273 recepta,
1704 1199 1851 1272 quod
1887 1199 2023 1252 mul-

98 1295 366 1344 lotorum
406 1290 768 1344 consensione
813 1291 1102 1355 conualuit,
1158 1291 1231 1343 ita
1280 1299 1464 1345 tamen
1500 1299 1560 1344 ut
1597 1291 1677 1343 illi
1716 1291 1845 1344 artis
1887 1291 2024 1343 ratio

11 1750 150 1797 ‘15

184 1385 553 1459 nonUaccedat
587 1384 686 1438 sed
719 1385 1018 1456 indulgeat.
1074 1405 1201 1439 nam
1236 1403 1299 1438 ea
1334 1404 1362 1438 e
1404 1386 1584 1440 medio
1624 1385 1886 1455 loquendi
1924 1405 2026 1439 usu

184 1471 382 1551 placita
422 1475 710 1531 adsumere
748 1476 1048 1532 consueuit.
1123 1476 1413 1531 auctoritas
1448 1476 1505 1530 in
1540 1477 1736 1547 regula
1761 1475 2026 1547 loquendi

183 1567 478 1621 nouissima
514 1574 612 1623 est.
684 1586 918 1639 namque
955 1569 1049 1623 ubi
1088 1569 1268 1622 omnia
1311 1569 1629 1635 defecerint,
1655 1569 1733 1623 sic
1768 1569 1836 1623 ad
1858 1570 2027 1638 illam,

185 1675 348 1731 quem
385 1657 454 1713 ad
491 1658 715 1714 modum
755 1658 823 1712 ad
862 1678 1116 1713 ancoram
1155 1659 1478 1715 decurritur.
1540 1679 1653 1715 non
1693 1659 1839 1715 enim
1875 1661 2024 1732 quic-

186 1767 344 1821 quam
384 1756 474 1803 aut
509 1750 735 1803 rationis
777 1757 869 1802 aut
890 1758 1115 1803 naturae
1145 1758 1235 1803 aut
1262 1750 1671 1805 consuetudinis
1702 1751 1882 1820 habet,
1904 1769 2027 1804 cum

192 1895 389 1944 addixit.
485 1911 603 1955 quae
649 1896 773 1941 ratio
819 1897 934 1943 adeo
981 1911 1087 1941 cum
1128 1896 1231 1954 ipsa
1276 1896 1482 1954 loquella
1522 1898 1746 1954 generata
1787 1896 2032 1955 (congene-

183 1958 291 2019 rata
311 1956 495 2014 Vsener)
543 1959 631 2011 est,
678 1960 731 2000 ut
761 1956 901 2002 hodie
947 1955 1067 2000 nihil
1099 1956 1156 2000 de
1199 1970 1281 2000 suo
1315 1956 1531 2014 analogia
1570 1956 1757 2001 inserat.
1819 1971 1873 2002 ea
1906 1956 2029 2004 enim

186 2024 305 2076 quae
336 2015 396 2061 ad
428 2015 756 2119 exflicandam
789 2016 1103 2061 elocutionem
1139 2018 1233 2059 iam
1271 2016 1396 2072 apud
1437 2031 1598 2062 sensus
1640 2019 1830 2061 nostros
1860 2015 2030 2064 educta

189 2079 300 2126 sunt
335 2092 362 2121 a
396 2091 484 2121 con
505 2077 670 2121 usione
702 2076 1026 2121 uniuersitatis
1069 2075 1392 2121 disseminauit
1433 2079 1480 2120 et
1522 2091 1549 2120 a
1590 2077 1857 2134 disparibus
1898 2077 2031 2135 paria

190 2135 383 2185 coaluit.
449 2135 742 2194 adprobatur
782 2139 940 2181 autem
978 2135 1253 2181 defectionis
1286 2135 1452 2195 regula
1485 2139 1763 2194 argumento
1794 2136 2028 2182 similium.

186 2198 374 2249 constat
404 2210 518 2255 ergo
552 2196 726 2240 latinus
761 2211 912 2241 serino
942 2199 1113 2240 natura
1144 2196 1358 2254 analogia
1376 2196 1714 2242 consuetudine
1731 2196 2030 2250 auctoritate.

185 2258 358 2313 natura
390 2257 646 2300 uerborum
693 2255 825 2313 (alias
869 2257 1125 2300 uerborum
1165 2257 1373 2300 omnium
1404 2261 1451 2301 in
1483 2274 1563 2313 my.
1603 2256 1662 2314 Ν)
1699 2258 2030 2315 nominumque

187 2314 480 2363 inmutabilis
516 2319 588 2360 est
620 2320 706 2360 nec
738 2315 985 2373 quicquam
1015 2318 1096 2359 aut
1127 2315 1233 2372 plus
1253 2319 1335 2359 aut
1351 2315 1503 2359 minus
1521 2315 1719 2360 tradidit
1737 2316 1871 2361 nobis
1892 2331 2030 2373 quam

187 2375 552 2438 quoddaccepit.
618 2390 726 2419 nam
767 2377 807 2420 si
845 2375 946 2432 quis
990 2375 1116 2419 dicat
1159 2375 1360 2421 scrimbo
1391 2390 1479 2434 pro
1511 2390 1567 2419 eo
1599 2375 1725 2433 quod
1754 2378 1827 2420 est
1859 2377 2028 2429 scrib0‚

183 2436 280 2493 1'101‘24
307 2435 553 2493 analogiae
585 2436 765 2480 uirtute
803 2435 886 2480 sed
916 2438 1113 2479 naturae
1146 2435 1292 2493 ipsius
1341 2435 1680 2480 constitutione
1712 2436 2025 2481 conuincitur.

185 2492 322 2543 analo
361 2495 402 2539 'a
434 2495 661 2543 sermonis
694 2510 722 2539 a
753 2498 924 2541 natura
953 2495 1133 2552 proditi
1163 2495 1397 2541 ordinatio
1429 2498 1502 2542 est
1531 2509 1681 2553 neque
1706 2494 1845 2539 aliter
1861 2496 2028 2540 barba-

183 2569 286 2602 ram
348 2556 539 2612 inguam
584 2557 642 2600 ab
688 2555 872 2602 erudita
919 2570 1056 2611 quam
1101 2558 1354 2613 argentum
1400 2570 1426 2600 a
1472 2554 1666 2611 plumbo
1713 2555 1962 2602 dissociat.

189 2614 480 2671 consuetudo
511 2630 607 2661 non
638 2617 739 2659 arte
767 2614 1008 2672 analogiae
1042 2614 1124 2660 sed
1153 2615 1334 2659 uiribus
1364 2629 1451 2672 par
1484 2617 1569 2667 est,
1613 2614 1719 2660 ideo
1763 2615 1915 2660 solum
1956 2630 2029 2661 re-

188 2677 339 2732 cepta,
374 2674 499 2731 quod
529 2674 787 2721 multorum
818 2676 1122 2721 consensione
1155 2675 1408 2728 conualuit,
1439 2673 1508 2720 ita
1538 2677 1695 2718 tamen
1729 2677 1783 2717 ut
1813 2675 1883 2719 illi
1906 2675 2027 2720 ratio

185 2749 280 2778 non
314 2735 509 2778 accedat
541 2734 623 2778 sed
655 2733 916 2791 indulgeat.
951 2734 1210 2778 auctoritas
1242 2734 1292 2777 in
1323 2734 1487 2791 regula
1517 2733 1739 2790 loquendi
1774 2734 2029 2780 nouissima

187 2797 279 2839 est.-
310 2809 510 2852 namque
540 2795 622 2840 ubi
654 2794 809 2838 omnia
840 2793 1112 2846 defecerint,
1140 2795 1204 2839 sic
1237 2794 1297 2838 ad
1331 2794 1462 2838 illam
1490 2808 1627 2850 quem
1658 2794 1718 2838 ad
1747 2794 1938 2838 modum
1969 2795 2028 2838 ad

187 2856 318 2903 aram
350 2869 532 2911 sacram
562 2853 846 2899 decurritur.
880 2869 973 2899 non
1005 2854 1127 2898 enim
1159 2855 1407 2911 quicquam
1441 2856 1522 2897 aut
1553 2853 1750 2900 rationis
1782 2857 1863 2898 aut
1894 2857 2028 2899 natu-

186 2927 267 2961 rae
286 2916 367 2959 aut
398 2913 749 2963 consuetudinis
780 2914 937 2965 habet,
971 2916 1158 2958 tantum
1190 2914 1408 2970 opinione
1440 2915 1688 2957 auctorum
1719 2917 1910 2971 recepta
1940 2917 2028 2966 est,

188 2972 269 3033 qui
298 2976 346 3022 et
380 2974 472 3033 ipsi
500 2988 585 3019 cur
615 2974 664 3018 id
695 2974 844 3020 secuti
875 2977 1032 3020 essent
1064 2973 1103 3019 si
1133 2973 1333 3020 fuissent
1364 2973 1649 3031 interrogati
1675 2974 1856 3018 nescire
1888 2973 2028 3018 confi-

207 3131 210 3136 .
321 3135 324 3138 ,
356 3094 385 3141 2
433 3094 647 3141 omnium
699 3111 824 3156 quae
869 3095 908 3142 B
958 3096 1270 3159 omniumque
1306 3093 1423 3143 AM
1465 3093 1682 3140 omnium
1716 3109 1812 3154 my.
1850 3094 2030 3142 codicis

190 3162 387 3215 Charisi
437 3159 522 3227 (cf.
562 3161 858 3227 testimonia)
911 3166 1259 3228 nominumque
1309 3165 1568 3214 Charisius
1611 3163 1874 3212 Putschius
1913 3164 2030 3211 Kei-

189 3233 287 3282 h'us
307 3234 332 3291 ΙΙ
355 3233 634 3280 inmutabili
671 3250 731 3280 ne
767 3237 1030 3298 quicquam
1071 3234 1238 3283 ΑΒΜ
1283 3233 1588 3282 inmutabilis
1638 3236 1713 3279 est
1759 3248 1848 3279 nec
1897 3233 2030 3295 quic⁴

187 3317 334 3366 quam
370 3303 645 3352 Charisium
676 3309 867 3353 secutus
901 3305 1094 3353 Keilz'us
1127 3301 1151 3368 Η
1193 3307 1220 3352 3
1260 3304 1480 3352 traditur
1513 3303 1553 3348 B
1587 3296 1613 3365 Η
1649 3318 1746 3364 quo
1783 3303 2028 3366 accipitur

188 3367 350 3438 111116
390 3389 419 3419 a
453 3388 542 3421 om.
580 3375 648 3422 M
665 3367 1102 3438 ssthechinicosM
1134 3374 1337 3423 technos
1379 3374 1428 3420 Β
1463 3375 1486 3431 ΙΙ
1522 3374 1549 3417 7
1592 3372 1888 3419 eruditVM
1922 3386 2030 3419 eru-

189 3441 263 3490 dit
285 3442 387 3491 AB
410 3436 434 3506 ΙΙ
460 3445 488 3489 9
527 3461 618 3507 par
637 3445 688 3492 Β
724 3460 840 3507 pars
861 3444 979 3492 AM
996 3439 1020 3507 ΙΙ
1048 3446 1110 3491 10
1135 3445 1442 3492 consessione
1466 3441 1583 3490 AM
1614 3442 1896 3489 consesione
1916 3442 1967 3489 Β
1991 3434 2022 3508 Η

190 3511 258 3643 {i}
293 3510 566 3634 &211⁰er
610 3514 731 3641 ΗΒΜ
780 3515 1096 3565 anachortam
1137 3514 1184 3563 A
1240 3531 1373 3565 aram
1422 3513 1580 3562 Varro
1632 3513 1738 3573 ipse
1771 3513 2030 3574 scripserit

241 3617 275 3630 ..
395 3598 439 3632 r.
501 3618 512 3630 .
545 3598 584 3633 s.
