2222 4056
1119 339 1216 387 150

262 504 373 539 non
411 487 589 540 habet.
626 480 755 556 quot
783 485 965 538 modis
1003 493 1179 537 autem
1221 485 1376 555 origo
1405 486 1696 539 uerborum
1731 486 2078 558 corruptione

262 595 460 628 uocum
497 576 752 643 uarietur,
777 575 1033 645 ‘ineptum
1071 582 1152 628 est
1188 572 1458 646 persequi.

200 736 229 784 3
428 725 600 780 Varro
638 726 814 780 asinos
851 727 1049 780 rudere
1080 743 1236 779 canes
1258 724 1490 796 gannire
1509 725 1690 797 pullos.
1707 726 1900 799 pipare
1923 726 2078 783 dixit.

202 892 234 939 4
427 879 511 931 Ita
547 879 1049 956 respondeant-cur
1093 880 1276 934 dicant
1317 881 1447 935 deos
1488 901 1609 935 cum
1649 899 1835 935 omnes
1873 879 2079 957 antiqui

261 966 497 1020 dixerint
531 968 701 1022 diuos.
2111 998 2139 1040 5

197 1138 226 1188 5
425 1122 641 1176 Fixum.

197 1282 224 1330 6
427 1270 584 1326 Sicut
621 1278 783 1326 nocet
818 1272 1079 1344 panthera
1115 1255 1180 1326 et*
1206 1274 1304 1327 lea.

1111 1467 1229 1521 IIII

194 1610 219 1657 7
419 1598 739 1651 Prolubium
785 1607 838 1652 et
890 1599 1294 1671 prolubidinem
1345 1599 1451 1652 dici
1488 1601 1552 1652 ab
1591 1617 1654 1652 eo
1693 1598 1839 1669 quod
1880 1589 2077 1654 lubeat.

259 1689 402 1742 unde
442 1689 600 1742 etiam
635 1690 790 1742 lucus
825 1689 1058 1743 Veneris
1095 1689 1432 1744 Lubentinae
1470 1690 1696 1743 dicatur.
2110 1715 2166 1758 10

422 1863 464 1906 3.
494 1863 612 1906 Non.
643 1878 688 1918 p.
706 1862 794 1906 450
813 1862 884 1906 M:
916 1863 1108 1919 gannire
1141 1878 1244 1907 cum
1279 1863 1342 1908 sit
1373 1864 1562 1920 proprie
1594 1878 1761 1908 canum
1787 1864 2078 1917 (Varro...

258 1922 413 1966 dixit
446 1926 493 1966 et
522 1921 765 1966 Lucretius
795 1922 932 1966 lib.V
975 1924 1125 1977 (1070)
1167 1923 1257 1966 alio
1301 1926 1439 1979 pacto
1483 1924 1677 1979 gannitu
1708 1923 1839 1969 uocis
1871 1924 2079 1978 adulant)

257 1982 396 2026 etiam
424 1981 670 2024 humanam
693 1995 856 2024 uocem
879 1981 1091 2025 nonnulli
1111 1982 1354 2039 gannitum
1381 1986 1678 2026 uocauerunt.
1709 1987 1765 2039 cs.
1782 1983 1900 2032 Non.
1914 1998 1958 2040 p.
1980 1984 2078 2028 156.

419 2060 460 2105 4
492 2061 619 2104 Seru.
654 2061 713 2103 ad
743 2060 881 2116 Verg.
916 2060 968 2103 A.
1001 2061 1086 2104 XII
1107 2060 1214 2104 139:
1261 2061 1372 2104 deus
1414 2064 1567 2104 autem
1611 2061 1695 2108 uel.
1736 2061 1823 2105 dea
1862 2063 2077 2118 generale

254 2134 421 2163 nomen
456 2123 527 2163 est
559 2119 784 2163 omnibus
820 2133 926 2162 nam
958 2133 1123 2176 graece
1155 2119 1272 2174 δέος,
1302 2120 1385 2188 qui
1415 2121 1558 2164 latine
1587 2120 1728 2164 timor
1759 2121 1882 2174 (δέος
1914 2122 1986 2165 eet
2012 2122 2077 2165 la-

253 2179 357 2222 tine
379 2174 519 2223 timor
552 2182 667 2234 volq.
703 2178 814 2221 deus
845 2193 1011 2235 graece
1043 2179 1215 2223 dicitur
1246 2174 1395 2237 φόβος
1422 2179 1473 2222 id
1504 2182 1576 2224 est
1604 2179 1745 2224 timor
1778 2182 1965 2234 Daniel)
1997 2195 2078 2224 uo-

254 2242 398 2282 catur
456 2238 564 2281 inde
596 2238 709 2281 deus
743 2237 894 2281 dictus
931 2242 1014 2292 est,
1051 2238 1174 2294 quod
1206 2238 1351 2281 omnis
1389 2238 1552 2295 religio
1588 2237 1650 2282 sit
1681 2238 1877 2283 timoris.
1928 2238 2076 2283 Varro

255 2297 314 2340 ad
357 2297 623 2341 Ciceronem
666 2297 831 2340 tertio:
879 2297 964 2340 ita
1004 2271 1472 2353 respondeant.
1544 2298 1783 2342 .diuos.
1854 2302 1910 2354 cf.
1951 2298 2076 2342 Seru.

253 2356 312 2400 ad
341 2356 397 2399 A.
429 2357 469 2400 V
491 2356 562 2402 45.
593 2356 700 2400 VIII
717 2355 817 2400 275.

415 2436 456 2479 5.
493 2436 642 2479 Diom.
674 2451 717 2492 p.
749 2435 955 2490 377,11:
998 2436 1118 2493 figor
1159 2437 1374 2493 ambigue
1417 2436 1678 2480 declina-tur
1718 2437 1842 2494 apud
1889 2439 2073 2481 ueteres

255 2498 465 2551 tempore
497 2495 719 2551 perfecto.
782 2496 1036 2552 reperimus
1067 2496 1190 2540 enim
1218 2496 1353 2540 fictus
1387 2500 1434 2540 et
1461 2495 1592 2539 fixus.
1660 2496 1855 2540 Scaurus
1887 2495 1945 2540 de
1974 2495 2072 2540 uita

254 2568 335 2597 sua
367 2555 579 2611 ‘sagittis'
612 2554 766 2610 inquit
798 2554 1067 2610 ‘confictus'‚
1099 2556 1247 2599 Varro
1279 2556 1338 2599 ad
1374 2555 1641 2603 Ciceronem
1671 2555 1814 2599 tertio
1847 2555 2042 2599 fixum.

418 2634 459 2677 6.
487 2634 742 2691 Philargyr.
775 2634 822 2678 in
853 2636 990 2692 Verg,
1026 2636 1109 2679 ecl.
1142 2636 1185 2679 II
1204 2636 1284 2679 63:
1315 2636 1404 2680 hoc
1436 2649 1604 2682 nomen
1636 2636 1827 2689 (leaena)
1858 2635 1975 2681 lieet·
1997 2649 2074 2679 ue-

252 2697 375 2737 teres
406 2694 601 2736 latinum
630 2697 815 2748 negent,
850 2695 1124 2739 auctoritate
1146 2699 1301 2739 tamen
1324 2695 1461 2739 ualet.
1498 2695 1718 2738 dicebant
1749 2694 1872 2739 enim
1891 2693 2077 2741 leonem.

252 2753 503 2800 masculum
536 2757 583 2796 et
614 2752 846 2806 feminam,
884 2757 936 2796 ut
953 2754 1142 2797 Plautus
1173 2754 1221 2797 in
1237 2754 1501 2798 Vidularia:
1533 2768 1639 2797 nam
1670 2752 1827 2797 audiui
1857 2751 2074 2797 feminam

254 2826 340 2868 ego
371 2812 552 2854 leonem
589 2813 728 2855 semel
760 2812 928 2869 parire.
993 2813 1152 2857 Cicero
1188 2814 1244 2857 de
1279 2813 1427 2870 gloria
1454 2813 1573 2856 libro
1604 2812 1650 2855 II
1684 2812 1750 2856 sic
1782 2811 1869 2856 ait:
1903 2814 2073 2856 statue-

254 2874 363 2914 runt
393 2870 544 2926 gloria
574 2872 774 2915 leaenae.
832 2873 951 2914 leam
993 2887 1105 2916 uero
1139 2873 1285 2916 Varro
1318 2873 1376 2916 ad
1408 2872 1675 2916 Ciceronem
1708 2871 1822 2916 dicit
1852 2871 1974 2915 libro
2008 2870 2075 2914 III

259 2930 394 2984 (libro
428 2929 515 2973 ΝΠ
547 2933 638 2974 cod.
671 2933 819 2975 Paris.
852 2934 1008 2987 7960):
1042 2932 1197 2976 Sicut
1230 2963 1238 2972 .
1277 2965 1286 2976 .
1321 2965 1330 2976 .
1362 2932 1469 2976 lea.

335 3052 337 3054 .
419 3008 460 3051 7.
492 3009 610 3052 Non.
643 3025 687 3066 p.
712 3010 768 3052 64
799 3010 1072 3054 Prolubium
1103 3045 1111 3053 .
1146 3047 1155 3056 .
1187 3046 1196 3055 .
1227 3045 1237 3055 .
1270 3011 1417 3056 Varro
1463 3010 1520 3054 de
1566 3010 1725 3066 lingua
1765 3009 1911 3053 latina
1955 3008 2075 3052 libro

251 3067 340 3110 IIII
375 3066 551 3124 (lingua
579 3067 659 3112 lib.
679 3068 767 3111 1111
800 3086 1025 3124 suprascr.
1058 3070 1201 3114 latina
1241 3074 1332 3125 W):
1368 3069 1706 3127 prolubium
1729 3102 1738 3112 .
1762 3102 1771 3112 .
1792 3067 2075 3112 ‚dicatum

252 3131 310 3183 cf.
344 3126 491 3170 Varro
515 3127 594 3172 1.1.
611 3127 750 3171 V147
779 3143 822 3185 p.
839 3128 941 3173 224.

421 3310 449 3354 2
487 3309 720 3371 plosequi
757 3307 805 3357 P
857 3303 883 3374 ΙΙ
941 3311 971 3355 4
1017 3309 1134 3356 deus
1179 3310 1281 3358 cod.
1334 3307 1492 3358 Paris.
1531 3310 1685 3357 7929.
1730 3309 1784 3356 in
1816 3307 1991 3372 Regin.
2031 3311 2078 3357 et

252 3379 525 3442 Hamburq.
557 3378 794 3427 Varronis
832 3379 1176 3429 desiderantur
1206 3380 1372 3475 uherba.
1398 3373 1422 3442 ΙΙ
1447 3378 1667 3426 omnibus
1695 3375 1853 3427 Paris.
1879 3371 1904 3443 ΙΙ
1928 3379 1956 3425 6
1999 3376 2075 3428 02·-

253 3505 475 3538 ceronem
530 3489 680 3538 fixum
726 3491 792 3539 M
815 3484 850 3553 ΙΙ
886 3491 913 3537 7
964 3506 1083 3537 noce
1125 3494 1331 3553 pantera
1383 3491 1485 3540 cod.
1522 3489 1763 3538 Laurent.
1798 3491 1873 3551 pl.
1909 3490 1990 3548 45,
2013 3490 2078 3539 14

252 3557 415 3608 Paris.
439 3554 464 3624 ΙΙ
491 3562 525 3607 94
554 3561 828 3624 proluuiem
866 3563 915 3608 et
948 3560 1310 3623 proluuidinem
1344 3555 1452 3624 Wss
1479 3560 1541 3606 10
1578 3558 1831 3608 lubentina
1862 3560 1973 3610 WL
1995 3553 2020 3625 ΙΙ
