2280 4088
1041 309 1138 354 127

169 456 229 510 G.
276 455 508 510 Mueller
555 456 677 507 hist.
713 474 796 525 gr.
839 455 904 507 fr.
939 454 999 508 II
1038 474 1087 526 p.
1110 454 1180 505 44
1206 453 1328 525 sq.),
1377 453 1551 505 uoluit
1605 471 1797 505 sonum
1847 453 2000 505 illum

167 546 513 619 peculiarem,
556 563 715 614 quem
755 544 797 593 Γ
835 552 959 597 ante
997 543 1045 593 Γ
1066 545 1118 593 Κ
1145 544 1194 592 Κ
1233 544 1478 611 haberet,
1519 539 1752 610 ἄγγμαῑ)
1797 563 2000 596 nuncu-

166 638 285 708 pari
321 646 374 690 et
411 637 551 689 hanc
590 637 844 703 litteram,
900 635 1108 688 etiamsi
1160 643 1288 687 nota
1341 635 1455 687 eius
1502 653 1612 686 non
1649 635 1705 687 in
1745 641 2002 706 promptu

165 735 326 794 esset,
363 727 683 797 uiges'imam
717 726 957 795 quintam
997 744 1131 778 esse.
1183 725 1392 778 addidit
1420 725 1599 777 Varro
1639 725 1874 778 eundem
1919 744 2000 778 so-

165 837 296 870 num
331 817 538 870 eisdem
578 817 711 870 loc-is
748 817 804 870 in
841 818 1121 870 uocabulis
1167 817 1346 870 latinis
1401 816 1574 868 audiri
1627 816 1866 886 ideoque
1900 817 2001 869 At-

165 907 298 960 tium
313 906 360 976 2)
397 907 524 960 talia
558 907 731 960 uerba
768 907 971 979 duplici
994 906 1047 962 G
1083 906 1382 979 scripsisse.
1439 908 1608 960 uerba
1644 907 1841 959 tradita
1877 914 2003 959 sunt

164 998 326 1052 haec:
361 1005 416 1052 in
452 1005 686 1075 eiusmodi
721 1005 888 1064 yraeci
924 1007 967 1051 et
991 1002 1161 1051 Attius
1198 1007 1362 1052 noster
1401 1005 1515 1052 bina
1553 1003 1599 1052 G
1633 1005 1867 1061 scribunt,
1910 1004 1999 1051 alii

163 1094 223 1143 N
251 1097 296 1142 et
333 1093 393 1150 G,
446 1094 574 1153 quod
619 1096 672 1140 in
709 1094 798 1141 hoc
834 1095 1089 1141 ueritatem
1123 1094 1293 1141 uidere
1327 1094 1475 1152 facile
1509 1108 1607 1142 non
1645 1097 1728 1142 est.
1805 1088 2003 1141 additis

163 1178 346 1232 uerbis
373 1181 521 1244 ‘quod
537 1219 569 1230 ..
588 1219 625 1230 ..
647 1199 745 1230 non
765 1177 848 1231 est’
876 1196 985 1230 non
1011 1177 1070 1229 id
1095 1177 1420 1247 agitVarrO,
1441 1187 1562 1231 utra
1583 1179 1850 1231 sententia
1874 1197 2005 1231 uera

165 1269 251 1337 sit,
293 1276 414 1322 utra
451 1269 616 1334 falsa3
651 1287 774 1320 nam
812 1268 1068 1337 deinceps
1102 1267 1359 1320 relicuam
1400 1268 1658 1321 Attianae
1704 1270 2004 1322 sententiae

166 1367 375 1431 partem
413 1368 742 1411 memoratus
781 1366 888 1411 est:
939 1366 1164 1412 similiter
1201 1381 1379 1426 ayceps
1414 1380 1608 1427 aycora,
1664 1360 1856 1430 quibus
1898 1380 2002 1431 quo

165 1450 517 1522 conpleretur
543 1449 707 1502 dictio
734 1450 868 1502 haec
889 1449 1004 1502 fere
1025 1450 1285 1504 adiecisse
1309 1451 1544 1521 scriptor
1566 1450 1788 1503 uidetur
1807 1472 1903 1516 per
1920 1457 2010 1506 GC

161 1545 346 1605 Attius,
385 1547 464 1595 ilbi
494 1562 589 1607 per
611 1546 718 1595 ΝΟ.
793 1540 973 1609 itaque
1008 1561 1118 1594 non
1149 1541 1301 1594 illam
1324 1542 1498 1594 Varro
1541 1541 1673 1594 dicit
1712 1542 2001 1594 ueritatem

170 1649 308 1701 quae
345 1632 684 1703 grammatici
723 1632 924 1685 iudicio
964 1635 1345 1703 conprobatur,
1379 1633 1474 1686 sed
1495 1652 1612 1685 eam
1649 1651 1786 1705 quae
1807 1634 1863 1685 in
1884 1634 2003 1705 ipso

162 1723 504 1793 loquentium
549 1741 802 1776 sermone
843 1731 924 1776 est
963 1732 1015 1776 et
1055 1724 1293 1792 auditui-3
1338 1726 1404 1777 ab
1443 1725 1548 1777 hoc
1583 1734 1763 1777 autem
1794 1743 2001 1777 sormo—

161 1814 246 1868 nis
303 1833 436 1868 sono
483 1814 737 1867 dissociat
789 1814 1009 1884 signum
1056 1817 1170 1868 soni
1213 1817 1357 1885 quod
1395 1817 1451 1870 in
1490 1817 1687 1869 litteris
1726 1816 2005 1877 cernitur:

166 1923 392 1978 prorsus
427 1906 589 1959 simili
627 1907 838 1958 ratione
875 1914 1034 1975 atque
1074 1909 1201 1960 artis
1239 1908 1547 1960 rhetoricae
1585 1908 1879 1979 scriptores
1910 1926 2001 1959 ue-

161 1997 377 2051 ritatem
435 1997 636 2050 actioni
692 1998 897 2051 forensi
954 1998 1214 2067 tribuunt,
1262 1999 1455 2069 procul
1515 1999 1714 2050 habent
1770 2000 1835 2051 ab
1876 2014 2001 2051 'um-

162 2088 367 2140 bratica
417 2088 809 2141 declamatione
869 2089 1272 2141 exercitationis
1320 2109 1478 2142 causa
1512 2090 1781 2158 instituta3
1849 2091 2002 2143 cuius

161 2179 240 2231 rei
293 2180 544 2252 exempla
597 2179 1022 2251 suppeditabunt
1059 2179 1340 2233 Ernestius
1382 2181 1542 2233 lexic,
1578 2182 1815 2236 technol.
1852 2183 2000 2234 latin.

333 2414 377 2470 1)
400 2408 577 2472 Ἄγγμα
610 2429 634 2457 e
668 2415 936 2458 coniectura
968 2419 1050 2458 ten
1081 2415 1243 2458 Brinki
1271 2416 1300 2459 1.
1327 2430 1360 2457 s,
1396 2415 1560 2470 scripsi
1590 2429 1693 2458 cum
1729 2429 1897 2458 nomen
1928 2415 2002 2458 lit-

162 2497 292 2537 terae
325 2507 438 2537 sono
471 2494 541 2536 illi
574 2495 971 2538 accommodatum
1006 2494 1148 2538 fuisse
1181 2498 1543 2538 consentaneum
1579 2496 1652 2539 sit.

328 2573 373 2627 2)
406 2574 560 2617 Verba
590 2574 819 2618 Victorini
854 2576 894 2632 (I
924 2576 966 2630 4,
997 2576 1027 2619 4
1059 2575 1234 2632 9245ss
1248 2576 1315 2631 P.)
1350 2580 1501 2620 Attius
1537 2594 1634 2620 cnm
1668 2579 1883 2620 scriberet
1914 2593 2002 2620 an-

162 2657 263 2712 quis
294 2655 488 2711 ειη-φαῖνε
522 2654 727 2712 (anquies
762 2659 946 2712 anqules
981 2656 1081 2699 cod.
1113 2657 1259 2700 Paris.
1292 2656 1408 2700 7539
1444 2655 1676 2699 Gaisfordi
1709 2659 1755 2698 et
1788 2655 1887 2699 cod.
1914 2656 2001 2699 Va-

162 2733 446 2777 lentinianus
469 2734 526 2777 cf.
539 2733 721 2778 Ritschl
738 2735 769 2778 1.
791 2749 824 2778 s.
843 2735 975 2791 1223)
1010 2739 1263 2793 imponebat
1293 2736 1539 2780 reserenda
1573 2742 1681 2779 sunt
1711 2735 1768 2778 ad
1801 2750 1855 2779 ea
1886 2750 2002 2792 quae

161 2813 454 2870 praecedunt
484 2825 778 2859 consonantes
813 2818 992 2860 litteras
1029 2833 1117 2859 non
1145 2820 1443 2875 yeminabant‚
1478 2852 1486 2860 .
1514 2852 1522 2859 .
1558 2852 1566 2860 .
1602 2819 1678 2860 sed
1710 2834 1850 2874 supra
1883 2820 2001 2861 litte-

162 2909 261 2938 ram
296 2910 426 2951 quam
457 2898 682 2953 yeminari
717 2898 949 2953 oportebat
982 2899 1159 2941 scilicet
1193 2900 1418 2941 sicilicum
1451 2899 1734 2955 imponebant
1770 2932 1808 2940 ..
1829 2932 1855 2952 .,
1886 2902 2001 2942 sicut

162 2983 352 3032 apparet
381 2977 430 3018 in
458 2977 613 3019 multis
644 2977 787 3019 adhuc
819 2979 1044 3020 ueteribus
1077 2981 1146 3020 ita
1178 2981 1363 3035 scriptis
1386 2971 1530 3021 libris.
1562 2978 1696 3020 iidem
1715 2994 1864 3031 uoces,
1888 2994 2000 3034 quae

162 3058 389 3111 pressiore
421 3071 527 3098 sono
561 3057 805 3100 educuntur
840 3074 978 3100 ausus
1011 3075 1151 3101 causa
1170 3061 1297 3113 fusus
1324 3059 1501 3101 odiosus
1533 3074 1611 3114 per
1648 3060 1733 3101 duo
1769 3061 1799 3101 S
1836 3059 1999 3101 scribe-

162 3131 267 3178 bant
297 3151 458 3179 aussus
492 3134 674 3190 (caussa
708 3140 860 3192 fussus
897 3139 1131 3192 odiossus).
1177 3142 1309 3181 iuxta·
1353 3148 1499 3181 autem
1533 3154 1619 3181 non
1650 3141 1867 3195 ponebant
1904 3140 1999 3191 CM,

162 3213 318 3258 deinde
348 3230 427 3257 nec
462 3215 720 3258 Alcmenam
753 3217 958 3259 dicebant
990 3233 1068 3259 nec
1105 3218 1351 3260 Tecmesam
1383 3230 1420 3259 e.
1443 3231 1483 3271 q.
1511 3231 1545 3259 s.
1582 3216 1630 3259 in
1661 3217 1828 3272 quibus
1865 3229 1999 3271 quae-

161 3292 268 3337 dam
299 3293 357 3338 de
388 3293 636 3338 scribendo
673 3294 860 3338 nomine
896 3298 1097 3339 Tecmesa
1133 3310 1234 3339 cum
1268 3296 1447 3339 duobus
1478 3296 1506 3339 S
1539 3296 1766 3340 excidisse
1800 3298 1928 3351 puto,
1973 3309 1998 3338 a

163 3373 330 3428 quibus
361 3373 421 3417 ad
448 3374 620 3418 formas
657 3378 890 3419 Tecumesa
926 3377 972 3417 et
1009 3377 1214 3419 Teo-mesa
1259 3375 1504 3420 declinarit
1537 3375 1818 3428 Victorinus,
1861 3390 1999 3430 quem

164 3450 350 3506 quidem
385 3453 495 3496 satis
525 3454 828 3511 neglegenter
861 3453 1102 3510 scripsisse
1133 3455 1208 3498 uel
1237 3455 1313 3499 hic
1348 3456 1474 3498 locus
1513 3455 1664 3498 docet.
1730 3455 1786 3497 de
1821 3455 1995 3498 sicilico

166 3530 222 3573 cf.
259 3530 451 3575 Ritschl.
484 3533 622 3587 prisc.
654 3533 734 3577 lat.
766 3548 887 3577 mon.
928 3533 1073 3590 epigr.
1106 3548 1254 3578 enarr.
1289 3551 1331 3590 p.
1352 3534 1422 3578 81.
