2222 4056
1107 312 1203 355 128

246 474 296 525 p.
327 455 428 506 417
472 463 523 506 et
557 449 865 506 Ellendtius
903 453 971 506 ad
1014 454 1266 508 Ciceron.
1311 455 1378 508 de
1415 466 1546 510 orat.
1567 459 1624 511 II
1662 459 1748 524 23,
1769 462 1837 514 94
1873 463 1981 515 uol.
2007 463 2066 516 II

245 564 296 614 p.
319 544 418 594 217
437 562 513 612 sq.
556 562 716 612 quani
754 545 820 596 ob
854 564 1067 596 causam
1114 546 1347 598 dubitari
1390 548 1580 615 nequit
1608 549 1736 616 quin
1757 550 1953 605 Marius
1969 553 2062 604 Vi-

245 633 481 685 ctorinus
519 634 621 700 14,
655 634 716 685 71
759 634 985 686 eandem
1024 635 1286 687 Varronis
1326 637 1647 689 sententiam
1690 639 1805 691 siue
1843 658 2063 711 expres-

245 724 376 775 serit
412 723 525 774 siue
562 723 944 794 interpretatus
984 724 1068 792 sit,
1108 744 1228 775 cum
1267 725 1498 796 ‘anceps’
1552 735 1604 777 et
1655 727 1847 780 similia
1895 732 2063 783 uerba

243 831 342 883 per
389 812 490 866 NG
529 831 637 864 non
681 811 785 865 GC
835 812 994 864 scribi
1047 813 1169 864 ideo
1223 813 1373 865 iubet
1425 816 1668 879 ‘quoniam
1701 858 1712 868 .
1751 858 1761 868 .
1806 859 1816 870 .
1851 825 2066 881 familia-

243 910 350 956 rior
383 912 454 955 est
497 909 700 955 auribus
734 910 914 955 nostris
946 909 1008 956 N
1027 910 1193 968 potius
1229 924 1373 968 quam
1414 906 1491 959 G).
1563 907 1862 961 rectissime
1898 909 2066 980 igitur

242 991 568 1045 Bitschelius
607 1010 748 1042 mon.
776 992 947 1062 epigr.
973 999 1038 1044 tr.
1061 1012 1113 1062 p.
1139 993 1208 1044 24
1247 993 1321 1044 sic
1354 994 1534 1046 locum
1574 995 1816 1066 scripsit:
1853 1006 1982 1063 quod
2014 1007 2068 1053 in

241 1088 327 1134 hoe
361 1089 614 1133 ueritatem
646 1086 795 1143 facile
830 1087 999 1133 uidere
1036 1090 1117 1143 est,
1141 1089 1194 1134 in
1215 1088 1300 1135 illo
1322 1104 1419 1136 non
1439 1093 1522 1137 est.
1574 1103 1644 1138 ex
1667 1085 1760 1138 illa
1781 1105 1912 1139 uero
1942 1107 2065 1140 con-

239 1172 520 1242 paratione
554 1171 737 1240 graeci
776 1171 1038 1223 sermonis
1077 1179 1130 1223 et
1167 1172 1336 1241 latini,
1372 1175 1527 1228 facile
1567 1185 1647 1229 est
1683 1177 1965 1230 intellectu
2008 1180 2062 1230 in

240 1263 343 1314 hoc
378 1261 515 1314 libro
555 1280 666 1314 non
704 1280 990 1315 numerum
1030 1271 1084 1314 et
1107 1262 1386 1316 historiam
1413 1265 1730 1336 litterarum,
1749 1275 1808 1320 ut
1830 1268 1888 1320 in
1910 1268 2066 1322 libris

242 1353 308 1404 de
361 1351 554 1422 quibus
594 1350 755 1403 modo
807 1351 938 1418 dixi,
995 1362 1343 1422 persecutum
1400 1373 1519 1407 esse
1571 1357 1908 1427 scriptorem,
1969 1359 2063 1411 sed

243 1442 376 1513 quid
418 1442 712 1513 antiquitus
755 1442 970 1511 utrique
1027 1443 1245 1513 linguae
1299 1463 1582 1499 commune
1630 1447 1793 1500 fuerit
1842 1448 2060 1502 inuesti-

243 1552 422 1603 gasse,
460 1534 604 1604 quod
643 1534 826 1604 quanti
866 1535 1122 1586 momenti
1164 1535 1232 1587 sit
1254 1535 1321 1587 ad
1350 1537 1588 1606 origines
1613 1539 1838 1609 linguae
1865 1541 2063 1594 latinae

239 1625 573 1694 indagandas
606 1624 952 1677 manifestum
998 1633 1093 1677 est.

409 1714 547 1767 Cum
587 1715 690 1766 hoc
734 1723 1056 1783 argumento
1099 1716 1300 1786 optime
1337 1718 1686 1787 conueniunt,
1736 1736 1871 1788 quae
1909 1719 2063 1773 Ioan-

243 1823 340 1858 nes
376 1805 566 1874 Lydus
592 1805 632 1874 ¹)
684 1804 752 1856 de
788 1805 1030 1874 magistr.
1069 1807 1099 1859 I
1139 1806 1172 1858 5
1222 1808 1449 1876 profert,
1501 1808 1791 1862 Romulum
1840 1811 2062 1881 eiusque

239 1895 492 1966 aequales
525 1896 667 1947 bene
700 1895 951 1948 calluisse
989 1914 1297 1949 sermonem
1336 1915 1614 1967 graecum,
1658 1917 1856 1971 nempe
1895 1902 2060 1954 aeoli-

240 2005 376 2050 cum,
416 2002 577 2056 quem
600 1984 858 2037 Euander
878 1985 1051 2038 Arcas
1080 1986 1168 2050 (cf.
1209 1986 1275 2038 de
1314 1987 1348 2039 l.
1373 1988 1563 2040 LV21
1609 2009 1661 2061 p.
1679 1991 1768 2056 31)
1810 1991 1867 2043 in
1903 1992 2064 2045 Italia

238 2076 634 2148 peruolgasset.
675 2074 964 2127 tradidisse
1003 2075 1137 2127 haec
1156 2076 1458 2129 Varronem
1481 2075 1568 2127 τόν
1589 2079 2064 2143 πολυμαθέστατον

242 2167 378 2219 dicit
417 2166 469 2218 ἐν
511 2165 811 2231 προοιμίοις
847 2166 950 2215 τῶν
989 2163 1122 2231 πρὸς
1157 2167 1446 2235 Πομπήιον
1488 2168 1632 2238 αὐτῷ
1668 2171 2064 2237 γεγραμμένων.

237 2257 380 2310 unde
419 2257 569 2326 sequi
606 2256 823 2309 uidetur
847 2257 1017 2310 libros
1047 2265 1259 2311 nostros
1285 2259 1547 2332 Pompeio
1564 2261 1607 2329 ²)
1647 2261 1836 2314 missos
1874 2262 2060 2316 fuisse.
2098 2248 2113 2254 ⁹

407 2401 453 2454 1)
491 2401 670 2457 Lydum
700 2402 822 2446 hunc
856 2403 1007 2446 locum
1043 2404 1228 2447 scholiis
1258 2405 1535 2461 Vergilianis
1571 2407 1738 2449 debere
1771 2406 1997 2450 iudicauit
2027 2406 2062 2449 I.

240 2481 292 2524 F.
326 2481 538 2524 Schultze
571 2485 742 2538 quaest.
761 2481 913 2537 Lyd]
947 2497 991 2538 p.
1011 2482 1079 2527 17.
1098 2482 1170 2538 43,
1199 2483 1334 2538 quod,
1371 2485 1579 2540 quamuis
1610 2485 1762 2542 ipsum
1787 2485 2066 2542 Diogeniani

239 2560 462 2604 Varronis
496 2560 683 2604 Catonis
714 2561 876 2615 libros,
909 2575 1023 2616 quos
1058 2576 1216 2606 omnes
1250 2563 1412 2606 eodem
1442 2565 1546 2607 loco
1578 2564 1750 2618 laudat,
1782 2564 1953 2620 legisse
1982 2563 2064 2607 mi-

237 2639 360 2682 nime
398 2639 596 2693 credam,
627 2642 807 2682 certum
837 2653 932 2682 non
963 2643 1047 2683 est.
1090 2641 1275 2684 Seruius
1309 2642 1492 2697 quidem
1525 2641 1584 2684 ad
1614 2642 1728 2685 Aen.
1751 2640 1876 2684 1292
1905 2643 2064 2695 Quiri-

238 2735 339 2762 num
372 2733 399 2761 a
427 2714 634 2776 κοιράνῳ,
667 2718 862 2762 eundem
878 2719 1032 2774 Lydus
1064 2725 1242 2778 avat'qo
1275 2720 1416 2775 ducit,
1449 2724 1496 2764 et
1528 2720 1704 2765 scholia
1732 2721 1791 2763 ad
1821 2735 1926 2764 eum
1959 2734 2063 2764 uer-

239 2813 339 2842 sum
367 2798 562 2841 fortasse
593 2798 824 2854 quondam
854 2799 1064 2854 pleniora
1096 2802 1226 2842 erant
1256 2799 1522 2855 Lydumque
1552 2803 1795 2857 praeterea
1827 2800 2058 2856 permulta

238 2878 474 2921 simulasse
508 2882 554 2921 et
586 2877 682 2920 sine
714 2878 809 2920 ulla
839 2878 1063 2934 religione
1098 2879 1303 2923 fontibus
1336 2879 1429 2923 suis
1464 2895 1599 2924 usum
1630 2895 1729 2925 esse
1753 2881 1826 2938 (ef.
1846 2881 2059 2926 Schultze

237 2959 315 3003 l.l.
348 2973 394 3015 p.
412 2957 471 3001 47
484 2961 567 3014 sq.)
598 2957 787 3014 scimus3
820 2958 903 3001 sed
932 2958 1003 3000 his
1036 2958 1247 3001 omnibus
1280 2962 1511 3004 concessis
1541 2975 1706 3017 parum
1740 2961 1911 3006 similes
1941 2962 2060 3018 Lydi

237 3038 460 3094 Seruique
490 3037 800 3094 expositiones
832 3039 952 3091 sunt,
985 3051 1122 3092 quam
1151 3039 1203 3079 ut
1232 3037 1348 3080 illud
1373 3038 1482 3082 inde
1515 3039 1700 3085 efficias.

403 3118 447 3174 2)
482 3117 751 3174 Spengelius
784 3117 853 3161 ed,
886 3117 1017 3160 Varr.
1052 3132 1095 3173 p.
1117 3116 1144 3159 7
1175 3117 1345 3160 librum
1374 3118 1576 3174 primum
1609 3119 1666 3162 de
1702 3120 1861 3176 lingua
1904 3119 2062 3175 latina,

238 3199 295 3242 de
336 3198 517 3255 origine
555 3198 742 3255 linguae
781 3197 966 3252 latinae,
1009 3199 1066 3240 ad
1096 3199 1352 3255 Pompeium
1396 3197 1588 3240 missum
1631 3197 1773 3242 fuisse
1813 3199 1976 3253 uoluit,
2006 3199 2060 3242 L.

236 3278 448 3323 Krahner
478 3279 506 3322 1.
528 3294 562 3322 s.
598 3293 642 3335 p.
665 3279 737 3334 20,
772 3282 821 3322 ut
858 3292 993 3334 quam
1028 3278 1227 3335 plurima
1262 3278 1579 3333 confunderet,
1611 3277 1780 3322 librum
1811 3278 1942 3321 illum
1969 3278 2062 3335 pri-

235 3373 361 3403 mum
392 3373 419 3402 a
447 3358 685 3403 Prisciano
721 3358 778 3402 de
808 3358 985 3416 origine
1020 3359 1050 3401 l.
1084 3359 1129 3414 l.,
1172 3358 1221 3402 in
1251 3358 1444 3414 Pompei
1479 3361 1722 3402 eonmento
1757 3360 1814 3402 ad
1845 3361 2060 3414 Atticum,

238 3453 265 3481 a
295 3438 424 3494 Lydo
463 3435 579 3496 πρὸς
609 3432 910 3497 Πομπώνιον,
955 3438 1078 3493 quod
1116 3452 1201 3495 pro
1233 3435 1349 3496 πρὸς
1381 3433 1634 3495 Πομπήιον
1675 3437 1860 3492 scribit,
1905 3437 2064 3483 uocari

238 3519 467 3575 opinatur,
