2372 4082
1057 305 1159 354 209

175 454 613 527 oratoribusque
667 454 919 507 dicuntur
972 470 1042 504 ex
1088 458 1244 523 parte
1292 450 1512 504 maiore.
1586 449 1701 504 eius
1740 450 2036 523 praecipua

200 545 382 600 officia
413 553 539 598 sunt
573 553 827 615 quattuor
867 549 928 596 ut
957 541 1062 614 ipsi
1096 541 1305 612 placet:
1343 541 1580 594 scribere
1612 541 1804 611 legere
1824 540 2034 595 intelle-

196 654 336 708 gere
372 637 624 708 probare.

59 841 62 847 ·
143 819 207 870 9⁴2
347 807 548 863 Audiri
581 806 883 862 absentium
920 806 1091 859 uerba
1128 824 1239 859 non
1275 812 1544 878 poterant.
1583 824 1728 876 ergo
1766 806 1862 859 illa
1900 807 2038 861 ratio

5 3768 35 4082 mma-mmm
7 3706 26 3734 u·

43 3747 52 3755 .

153 911 182 957 5
201 901 417 972 peperit
450 900 677 968 litteraS,
695 899 892 952 notatis
916 897 1163 951 omnibus
1194 897 1301 950 oris
1338 916 1399 951 ac
1433 897 1656 968 linguae
1693 897 1838 952 sonis
1877 906 2039 968 atque

200 991 471 1047 discretis.
542 989 679 1043 nihil
724 997 907 1042 autem
951 989 1146 1041 horum
1192 987 1371 1041 facere
1411 995 1626 1060 poterat
1661 988 1707 1042 si
1742 988 2035 1042 multitudo

202 1100 387 1136 rerum
421 1081 538 1136 sine
578 1079 812 1152 quodam
850 1079 1028 1132 defixo
1068 1078 1300 1133 termino
1350 1079 1560 1132 infinite
1598 1086 1787 1151 patere
1823 1079 2039 1133 uidere-

203 1180 308 1228 tur.
371 1190 506 1244 ergo
548 1171 752 1224 utilitas
793 1169 1117 1223 numerandi
1163 1189 1362 1241 magna
1415 1170 1740 1224 necessitate
1796 1170 2038 1225 animad-

208 1391 354 1436 gere
382 1377 657 1434 probare.
717 1376 868 1421 Diom.
901 1391 943 1432 p.
963 1376 1065 1434 426,
1087 1378 1166 1422 18:
1199 1381 1301 1422 tota
1330 1378 1635 1435 grammatica
1668 1378 1884 1423 consistit
1914 1394 2047 1436 prae-

206 1437 344 1495 cipue
376 1437 620 1481 intellecta
649 1440 892 1494 poetarum
915 1440 963 1482 et
996 1438 1277 1494 scriptorum
1310 1442 1358 1481 et
1388 1438 1690 1481 historiarum
1724 1442 1943 1496 prompta
1973 1454 2048 1483 ex-

206 1496 467 1556 positione·
483 1501 530 1539 et
570 1497 619 1539 in
650 1499 778 1540 recte
809 1497 1030 1552 loquendi
1060 1497 1384 1553 scribendique
1416 1497 1611 1540 ratione.
1645 1501 1703 1554 cf.
1722 1497 1854 1542 Seru.
1886 1498 2047 1543 111Βο-

207 1559 302 1600 nat.
333 1570 379 1612 p.
399 1554 640 1599 512End1.
674 1555 814 1598 Mart.
850 1556 1148 1613 Cap.111230
1180 1571 1210 1612 p
1239 1557 1294 1600 51
1315 1557 1416 1600 Gr.:
1448 1555 1652 1600 officium
1684 1571 1840 1600 meum
1873 1562 2046 1617 (yram-

207 1619 378 1660 matica
409 1617 624 1671 loquitu-r)
675 1618 790 1658 tunc
819 1614 974 1659 fuerat
1015 1615 1150 1659 docte
1187 1615 1684 1672 scribere-legemque.
1746 1632 1870 1662 nunc
1904 1619 2047 1661 etiam

209 1673 330 1719 illud
365 1673 577 1731 accessit,
622 1677 677 1718 ut
719 1689 873 1718 meum
920 1675 981 1718 sit
1023 1675 1204 1719 erudite
1246 1675 1523 1731 intellegere
1553 1677 1860 1732 probareque.
1921 1678 2045 1722 Max.

208 1734 384 1779 Victor.
419 1749 463 1790 p.
479 1733 565 1777 271
582 1732 717 1778 Lind.
735 1748 780 1790 p.
800 1734 916 1778 1937
931 1735 1005 1778 P.:
1039 1735 1344 1791 grammatica
1374 1739 1445 1779 est
1477 1735 1672 1779 scientia
1704 1735 2049 1793 interpretandi

207 1797 371 1850 poetas
403 1797 452 1837 et
480 1795 607 1837 recte
639 1793 858 1849 loquendi
889 1794 1213 1850 scribendique
1244 1794 1382 1848 ratio,
1423 1794 1550 1838 dicta
1581 1791 1675 1838 ἀπὸ
1707 1796 1799 1839 τῶν
1828 1791 2046 1855 γραμμά-

208 1867 300 1897 των
330 1851 397 1909 [id
426 1855 500 1897 est
530 1852 588 1896 ab
619 1851 690 1895 his
722 1852 911 1910 litteris]
945 1853 1068 1896 unde
1099 1853 1308 1910 incipere
1339 1854 1493 1898 debet.

376 1931 445 1976 92.
506 1931 755 1989 Augustin.
792 1932 850 1977 de
884 1933 985 1976 ord.
1006 1933 1048 1976 II
1075 1932 1146 1988 12,
1165 1933 1237 1976 35.
1270 1933 1291 1975 Ι
1321 1948 1366 1988 p.
1386 1932 1475 1976 415
1508 1932 1578 1976 ed.
1612 1947 1770 1990 congr.
1805 1934 1848 1977 S.
1872 1934 2047 1978 Mauri:

208 1990 327 2035 i-llud
356 1991 482 2048 quod
515 1991 565 2034 in
594 1992 729 2036 nobis
758 1995 830 2036 est
859 1993 1101 2047 rationale,
1146 1992 1194 2035 id
1231 1995 1302 2035 est
1336 1992 1460 2047 quod
1501 1992 1684 2035 ratione
1715 1993 1867 2035 utitur
1897 1996 1946 2036 et
1977 2007 2049 2036 ra-

206 2050 454 2095 tionabilia
484 2051 563 2094 uel
589 2051 703 2095 facit
739 2051 815 2095 uel
855 2052 1080 2106 sequitur,
1129 2050 1237 2106 quia
1275 2051 1479 2093 naturali
1525 2051 1724 2105 quodam
1766 2052 1953 2095 uinculo
2000 2052 2049 2095 in

210 2123 370 2154 eorum
403 2110 627 2154 societate
657 2111 1025 2166 astringebatur,
1064 2124 1170 2152 cum
1202 2109 1367 2165 quibus
1402 2109 1472 2152 illi
1509 2112 1610 2152 erat
1639 2111 1760 2153 ratio
1791 2110 1895 2166 ipsa
1928 2124 2050 2155 com-

211 2169 366 2227 munis
395 2183 483 2213 nec
524 2169 701 2212 homini
732 2169 869 2212 homo
905 2168 1166 2211 firmissime
1214 2168 1383 2211 sociari
1415 2172 1574 2225 posset
1613 2168 1703 2212 nisi
1735 2170 2051 2225 colloqueren-

211 2231 291 2271 tur
321 2231 462 2284 atque
505 2227 571 2270 ita
616 2228 706 2272 sibi
743 2231 921 2270 mentes
971 2242 1074 2270 suas
1121 2227 1521 2284 cogitationesque
1568 2228 1701 2282 quasi
1733 2229 2050 2284 refunderent,

212 2286 336 2330 uidit
371 2301 471 2331 esse
506 2287 789 2343 imponenda
819 2287 958 2330 rebus
990 2287 1221 2330 uocabula
1262 2287 1311 2329 id
1359 2291 1430 2330 est
1472 2285 1786 2341 significantes
1827 2289 2052 2344 quosdam

215 2359 368 2400 sonos,
412 2350 468 2389 ut
499 2346 717 2402 quoniam
748 2346 922 2389 sentire
954 2346 1131 2389 animos
1165 2361 1271 2389 suos
1314 2360 1409 2389 non
1449 2350 1683 2403 poterant,
1729 2347 1788 2390 ad
1834 2362 1911 2391 eos
1959 2348 2050 2392 sibi

212 2405 497 2462 copulandos
530 2420 667 2449 sensu
699 2406 830 2461 quasi
860 2406 1116 2461 interprete
1148 2409 1406 2448 uterentur.
1481 2405 1562 2448 sed
1592 2405 1796 2449 audiri
1830 2407 2052 2451 absen-

209 2464 363 2509 tium
396 2499 405 2508 .
438 2499 447 2508 .
482 2497 491 2508 .
524 2465 874 2522 praesentia
906 2465 1124 2508 recolo.
1194 2478 1442 2520 progressa
1484 2464 1649 2508 deinde
1691 2466 1813 2509 ratio
1846 2466 2051 2511 animad-

210 2525 360 2568 uertit
399 2523 586 2568 eosdem
633 2524 726 2567 oris
773 2526 949 2578 sonOS,
977 2524 1142 2579 quibus
1188 2525 1485 2579 loqueremur
1529 2528 1576 2567 et
1610 2538 1722 2580 quos
1752 2525 1925 2568 litteris
1959 2526 2052 2569 iam

213 2582 494 2640 signauerat,
546 2583 658 2626 alios
705 2597 804 2627 esse
846 2583 924 2638 qui
966 2583 1211 2626 moderato
1253 2583 1380 2625 uarie
1423 2583 1567 2637 hiatu,
1615 2584 1746 2639 quasi
1778 2584 1966 2628 enodati
1999 2598 2053 2629 ac

213 2641 449 2699 simplices
480 2641 690 2686 faucibus
723 2642 822 2685 sine
852 2643 945 2685 ulla
965 2642 1203 2686 collisione
1237 2641 1509 2696 defluerent,
1527 2643 1640 2686 alios
1671 2642 1856 2686 diuerso
1888 2658 2054 2700 pressu

215 2700 310 2744 oris
339 2705 501 2745 tenere
532 2706 688 2745 tamen
719 2702 919 2757 aliquem
947 2716 1124 2755 sonum,
1143 2705 1373 2744 extremos
1405 2705 1560 2744 autem
1592 2701 1670 2756 qui
1698 2702 1787 2745 nisi
1819 2703 2052 2748 adiunctis

215 2759 306 2803 eibi
335 2760 499 2817 primis
529 2775 770 2817 erumpere
803 2775 898 2804 non
929 2761 1150 2804 ualerent.
1224 2760 1382 2816 itaque
1414 2761 1599 2804 litteras
1631 2760 1718 2804 hoc
1752 2762 1929 2818 ordine,
1962 2776 2051 2819 quo

213 2819 452 2875 expositae
499 2822 616 2865 sunt?
659 2820 844 2863 uocales
890 2820 1190 2864 semiuocales
1238 2823 1286 2862 et
1335 2823 1485 2863 mutas
1533 2820 1804 2864 nominauit.
1888 2821 2054 2865 deinde

215 2877 419 2933 syllabas
456 2879 658 2931 notauit,
708 2878 876 2922 deinde
925 2880 1072 2923 uerba
1111 2879 1160 2921 in
1206 2881 1314 2922 octo
1356 2893 1532 2935 genera
1569 2878 1836 2936 formasque
1871 2881 2055 2938 digesta

214 2940 337 2991 sunt,
375 2938 616 2994 omnisque
647 2937 839 2982 illorum
872 2941 1028 2982 motus
1060 2938 1312 2994 integritas
1352 2939 1571 2982 iunctura
1603 2939 1758 2994 perite
1796 2940 2055 2984 subtiliter-

215 3005 306 3053 que
337 2996 563 3041 distincta
594 3001 717 3051 sunt,
754 2998 864 3041 inde
897 2997 991 3041 iam
1020 3011 1325 3041 numerorum
1357 3001 1405 3041 et
1438 2998 1738 3042 dimensionis
1767 3013 1862 3043 non
1896 3001 2054 3043 imme-

214 3069 332 3109 mor,
377 3056 550 3100 adiecit
594 3058 800 3100 animum
840 3057 889 3100 in
931 3058 1058 3114 ipsas
1100 3071 1271 3101 uocum
1312 3061 1360 3100 et
1393 3057 1678 3114 syllabarum
1707 3059 1862 3102 uarias
1896 3073 2052 3102 moras

214 3117 356 3172 atque
384 3115 494 3160 inde
526 3117 676 3173 spatia
716 3118 944 3172 temporis
989 3117 1080 3159 alia
1123 3116 1267 3172 dupla
1308 3117 1400 3160 alia
1445 3117 1616 3173 simpla
1658 3131 1758 3160 esse
1808 3118 2052 3174 comperit,

218 3175 386 3231 quibus
420 3175 589 3233 longae
617 3176 880 3232 breuesque
913 3176 1121 3231 syllabae
1153 3176 1479 3219 tenderentur.
1549 3177 1735 3219 notauit
1775 3177 1917 3220 etiam
1959 3178 2052 3220 ista

219 3235 271 3277 et
295 3234 347 3278 in
389 3235 580 3292 regulas
628 3238 782 3280 certas
829 3235 1077 3291 disposuit.
1139 3237 1386 3290 poterat
1420 3237 1533 3278 iam
1565 3270 1574 3278 .
1607 3268 1618 3280 .
1654 3269 1663 3278 .
1698 3237 2055 3280 necessario

217 3292 587 3349 pertineret.
649 3300 706 3350 cf.
738 3295 795 3338 de
829 3309 947 3337 mus.
979 3294 1024 3336 Π
1061 3297 1099 3345 1,
1142 3298 1180 3337 1.
1229 3293 1251 3337 I
1292 3310 1338 3350 p.
1370 3297 1469 3338 564.
1540 3295 1680 3337 Mart.
1728 3293 1836 3350 Cap.
1869 3295 1936 3337 III
1966 3297 2053 3339 229

217 3365 264 3407 p.
281 3355 340 3396 50
356 3352 461 3397 Gn:
492 3356 606 3397 tunc
629 3353 728 3407 illa,
760 3357 814 3397 ut
835 3353 1065 3396 familiare
1084 3353 1288 3396 habebat
1307 3367 1543 3410 exponere
1564 3356 1870 3409 percunctata
1895 3357 1943 3396 et
1976 3353 2056 3397 do-

219 3425 326 3455 cere
359 3411 497 3462 fenile
529 3427 646 3470 quae
676 3415 735 3457 ab
777 3414 939 3457 eadem
971 3413 1333 3468 quaerebantur,
1369 3412 1541 3469 penula
1570 3427 1596 3455 a
1628 3412 1796 3455 dextra
1826 3426 1932 3456 cum
1960 3426 2055 3457 mo-

220 3469 375 3515 destia
401 3473 777 3530 uerecundiaque
809 3472 1023 3516 releuata
1054 3470 1137 3528 (sic
1169 3474 1316 3515 codd.:
1349 3475 1385 3515 B
1420 3492 1472 3509 =
1509 3473 1847 3529 Bamberycnsis
1882 3475 1980 3516 etD
1999 3491 2053 3509 =

222 3531 627 3589 Darmstadiensis,
661 3550 768 3591 quos
801 3537 898 3591 ipse
927 3529 1118 3588 contuli)
1160 3530 1229 3576 sic
1271 3531 1450 3588 coepit:
1497 3528 1794 3590 γραμματικὴ
1833 3531 1966 3577 dicor
2007 3531 2057 3576 in

1725 3613 1781 3656 14
