2280 4088
1042 325 1139 375 125

185 475 272 543 (cf.
291 475 394 529 Th.
414 474 722 529 Mommsen
756 473 792 525 1.
812 473 848 526 l.
873 491 925 545 p.
945 472 1015 524 30
1037 489 1117 541 sq.
1153 489 1276 524 nou.
1306 489 1440 524 mus,
1460 470 1540 523 rh.
1559 469 1666 524 XV
1702 469 1868 541 p.463
1889 470 2015 539 sq.),

179 565 276 618 sed
314 565 442 618 talia
478 562 748 634 quomodo
790 579 1177 616 cumnumero
1218 561 1519 614 litterarum
1558 580 1590 613 a
1624 559 1875 614 Varrone
1914 577 2012 632 po-

176 656 278 711 sito
320 656 608 710 coniuncta
643 655 861 722 fuerint7
905 672 1016 707 non
1051 652 1212 706 facile
1252 659 1333 705 est
1372 651 1533 704 dictu.
1590 669 1792 705 uereor
1830 658 2014 704 autem

176 766 247 801 ne
286 747 481 800 similia
530 763 748 816 quoque
784 743 1074 818 protulerit
1122 743 1216 812 eis,
1276 742 1621 813 quaemulto
1674 741 1895 812 quidem
1931 742 2012 796 in.-

180 838 359 911 eptius
378 839 560 909 graeci
588 836 906 909 posterioris
931 835 1190 907 temporis
1213 835 1416 887 habent
1441 834 1535 905 (cf.
1555 833 1801 886 Bekkeri
1821 833 2010 886 anecd.

176 928 367 1000 gr.111
402 949 454 1002 p.
483 930 634 982 1171.
671 928 943 982 Theodos.
979 928 1218 1000 p.6sq.).
1289 925 1507 979 nomina
1546 924 1744 978 litteris
1780 945 1810 978 a
1849 923 2010 979 Chal-

177 1021 324 1075 daeis
377 1021 711 1091 singularum
767 1019 954 1073 formis
1007 1017 1363 1089 congruentia
1421 1017 1544 1070 data
1606 1034 1725 1070 esse
1803 1016 2015 1089 scripsit

178 1112 266 1179 (fr.
289 1111 411 1180 103)
451 1119 505 1164 et
543 1112 658 1165 sine
699 1111 861 1164 dubio
902 1110 1127 1177 addidit,
1164 1110 1300 1162 haec
1344 1109 1565 1163 nomina
1607 1107 2015 1162 indeclinabilia

179 1220 296 1257 esse
342 1203 432 1272 (cf.
474 1202 542 1254 de
579 1203 615 1256 l.
643 1203 679 1254 l.
709 1201 851 1255 VIII
871 1201 940 1255 64
974 1220 1027 1273 p.
1045 1200 1195 1268 439),
1254 1200 1321 1253 de
1357 1219 1462 1269 qua
1502 1218 1562 1253 re
1610 1207 1664 1253 et
1702 1199 2013 1253 Priscianus

177 1292 373 1346 eodem
422 1293 545 1345 loco
595 1291 856 1344 nonnulla
898 1290 1041 1358 dicit,
1092 1299 1145 1343 et
1188 1308 1417 1360 graecos
1459 1289 1754 1361 diligenter
1804 1289 2010 1359 quaesi-

178 1383 323 1437 uisse
366 1381 605 1436 ostendit
627 1382 828 1436 Lucius
869 1380 1176 1435 Tarrhaeus
1201 1382 1234 1434 l.
1263 1402 1305 1435 s,
1345 1400 1397 1453 p.
1423 1381 1525 1434 319
1568 1380 1634 1433 cf.
1661 1380 1829 1434 schol.
1851 1381 2015 1435 Dion.

172 1472 301 1532 Thr.
341 1493 394 1546 p.
416 1473 535 1528 781.

338 1565 517 1618 Valde
546 1565 843 1618 dolendum
871 1572 952 1618 est
981 1564 1127 1634 quod
1168 1583 1278 1618 non
1308 1564 1465 1635 plura
1500 1581 1569 1617 ex
1600 1563 1684 1616 his
1721 1563 1873 1617 libris
1902 1581 2013 1616 ser-

174 1663 299 1710 uata
335 1664 476 1722 sunt,
528 1675 650 1708 nam
698 1655 858 1708 etiam
904 1655 961 1707 in
998 1654 1260 1708 Prisciani
1298 1655 1437 1709 libro
1481 1656 1654 1727 primo
1694 1663 1913 1727 praeter
1951 1674 2014 1708 ea

174 1765 316 1820 quae
350 1765 513 1820 supra
551 1746 857 1817 significaui
894 1746 990 1799 uix
1028 1745 1233 1816 aliquid
1270 1746 1399 1800 inde
1442 1747 1667 1800 ductum
1708 1755 1805 1801 est.
1851 1765 2011 1817 quam

175 1840 244 1892 ob
280 1856 399 1892 rem
434 1838 728 1892 admodum
764 1838 1071 1909 inpeditum
1111 1846 1193 1892 est
1220 1838 1483 1893 iudicium
1520 1839 1588 1891 de
1618 1840 1830 1892 ratione
1871 1857 2009 1910 quae

174 1928 319 1983 inter
354 1947 448 1983 eos
488 1937 542 1982 et
583 1928 947 2002 posteriorum
971 1929 1451 1999 grammaticorum
1484 1930 1651 1982 libros
1688 1929 2010 1982 intercedat.

173 2028 297 2074 ante
339 2021 474 2076 alios
519 2021 607 2074 hic
646 2021 703 2074 in
744 2040 967 2074 censum
1015 2021 1243 2074 ueniunt
1289 2022 1583 2094 scriptores
1623 2021 1692 2074 de
1731 2021 2012 2092 orthogra-

174 2112 318 2182 phia,
359 2130 590 2182 quorum
626 2112 820 2164 Velius
858 2111 1084 2182 Longus
1122 2132 1173 2184 p.
1196 2112 1333 2166 2215
1370 2113 1504 2166 haec
1546 2112 1758 2166 scribit:
1794 2111 2012 2165 ‘Verrio

173 2203 372 2259 Flacco
425 2204 667 2273 uidetur,
726 2203 956 2256 eandem
1001 2222 1120 2258 esse
1171 2203 1318 2275 apud
1364 2223 1465 2259 nos
1502 2204 1556 2257 V
1595 2204 1833 2258 litteram
1873 2221 2011 2274 quae

173 2294 319 2368 apud
358 2293 602 2350 Graecos
645 2296 690 2344 Y
722 2339 733 2348 .
774 2336 784 2347 .
827 2338 837 2349 .
881 2313 1203 2366 graecorum
1258 2312 1389 2348 uero
1428 2296 1520 2365 qui
1560 2295 1627 2347 de
1675 2294 1913 2365 antiquis
1950 2294 2013 2347 li-

177 2386 308 2439 teris
346 2385 681 2459 scripserunt
719 2387 1125 2457 commentaria,
1182 2387 1221 2439 ii
1255 2387 1389 2440 item
1427 2386 1719 2440 latinorum
1756 2386 1848 2458 qui
1886 2386 2010 2439 illos

178 2477 348 2530 secuti
371 2486 513 2548 sunt,
549 2478 741 2531 eadem
774 2479 931 2532 litera
966 2472 1186 2532 ueteres
1224 2479 1412 2533 solitos
1447 2479 1686 2532 scribere
1722 2477 2016 2531 ostendunt

177 2566 385 2635 μακρὸς
409 2570 619 2635 μακροῦ
643 2570 837 2639 μακρῷ
875 2579 929 2623 et
966 2571 1213 2624 confusas
1246 2570 1413 2623 fuisse
1453 2570 1568 2623 Oet
1596 2569 1680 2622 Ω’.
1723 2570 2013 2623 latinorum

177 2677 310 2715 uero
352 2661 443 2731 qui
491 2667 551 2716 de
587 2669 803 2729 antiqu-is
837 2669 1013 2717 litteris
1067 2662 1402 2734 scripserunt
1437 2662 1715 2715 neminem
1766 2662 2015 2715 nouimus

177 2760 397 2824 praeter
432 2753 767 2824 Varronem,
828 2773 1151 2825 quamquam
1202 2753 1360 2807 multi
1413 2753 1469 2806 in
1519 2753 1672 2806 libris
1726 2753 1884 2806 aliter
1934 2752 2011 2806 in-

178 2844 393 2918 scriptis
432 2845 500 2899 de
536 2846 723 2899 eadem
762 2864 822 2899 re
865 2847 1172 2917 egerunt1).
1239 2865 1350 2899 non
1388 2845 1807 2916 inprobabiliter
1842 2844 2015 2915 igitur

179 2934 346 2990 libros
375 2945 595 2992 nostros
635 2959 664 2991 a
689 2937 850 2992 Velio
884 2938 1155 2992 adhibitos
1195 2955 1313 2990 esse
1353 2937 1754 3008 conligeremus
1795 2942 1849 2988 et
1886 2955 2010 2989 cum

177 3025 442 3082 Varronis
470 3029 516 3082 si
539 3038 715 3083 certas
742 3038 1046 3102 spectamus
1068 3029 1276 3083 litteras
1297 3029 1366 3082 de
1385 3027 1574 3094 HQK
1593 3035 1802 3081 tantum
1825 3045 2012 3100 super-

178 3115 248 3169 sit
267 3106 531 3188 doctrina,
553 3118 681 3189 quid
702 3119 770 3173 de
791 3119 875 3172 his
899 3120 1127 3190 Longus
1147 3118 1390 3172 docuerit
1412 3116 1786 3187 quaerendum
1807 3123 1903 3170 est.
1939 3112 2010 3168 de

349 3329 392 3384 1)
429 3329 587 3376 Simile
620 3332 945 3387 argumentum
965 3327 1211 3372 Terentius
1235 3327 1435 3373 Scaurus
1466 3325 1691 3370 tractauit
1718 3324 1767 3369 in
1800 3324 1923 3368 libro
1960 3324 2011 3368 de

182 3399 319 3452 nouis*
360 3412 544 3461 litteris,
595 3425 732 3467 quem
771 3410 872 3466 ipse
915 3411 1232 3453 conmemorat
1274 3422 1318 3465 p.
1346 3406 1479 3461 2264,
1529 3404 1603 3450 cui
1640 3405 1773 3461 larga
1814 3401 2012 3447 materia

181 3490 366 3542 praesto
408 3492 510 3532 erat
551 3489 673 3533 inde
701 3490 760 3534 ab
790 3488 943 3546 Appio
976 3487 1169 3533 Claudio
1211 3491 1258 3532 et
1298 3488 1374 3544 Sp.
1418 3485 1621 3530 Caruilio
1664 3497 1809 3541 usque
1839 3483 1900 3527 ad
1933 3482 2011 3527 Ti.

183 3564 343 3612 Claudi
367 3568 581 3613 ‘Caesaris
609 3569 806 3614 litteras.
