2236 4030
1230 307 1296 354 30

354 469 558 524 genera
590 451 1031 522 persequebatur,
1068 450 1146 503 uti
1171 450 1374 503 debuit.
1413 450 1664 502 tractauit
1696 450 1865 521 igitur
1900 451 2040 507 libro
2077 471 2171 506 un-

354 541 566 595 decimo
612 541 876 594 uocabula
933 557 1068 609 quae
1124 560 1293 609 casus,
1350 540 1687 609 duodecimO,
1740 560 1875 612 quae
1930 550 2174 615 tempora

351 632 570 700 habent,
626 630 770 702 quod
823 631 1169 684 confirmatur
1211 632 1378 703 ipsius
1426 631 1608 684 uerbis
1653 631 1905 698 (V11113
1939 649 1992 703 p.
2011 633 2172 700 401):

260 737 263 740 ’
352 743 459 777 cum
511 727 570 775 de
617 727 694 774 his
729 741 900 775 nomen
943 728 1008 774 sit
1045 728 1263 786 primum
1304 725 1470 787 (prius
1508 729 1633 776 enim
1674 742 1845 776 nomen
1892 731 1974 785 est,
2031 742 2175 788 quam

350 818 549 866 uerbum
588 815 865 876 temporale,
902 818 947 863 et
981 816 1173 875 reliqua
1205 818 1451 875 posterius
1483 832 1628 877 quam
1660 832 1831 866 nomen
1875 819 1919 864 et
1952 816 2176 864 uerbum:

348 909 515 969 pri-ma
541 908 696 967 iyitur
730 903 947 963 nomina)
985 920 1135 965 quare
1175 906 1233 953 de
1269 919 1433 954 eorum
1469 906 1786 955 declinatione
1820 921 1965 967 quam
1987 906 2046 954 de
2067 920 2176 954 uer-

353 998 521 1046 borum
561 1000 670 1044 ame
705 997 876 1054 dica-m,
912 1008 1046 1059 quae
1086 1010 1406 1062 quamquam
1444 991 1548 1044 alia
1585 991 1864 1045 occasione
1903 991 2047 1044 dicta
2085 1008 2175 1062 ge-

352 1082 594 1156 neralem
626 1081 947 1134 sententiam
984 1083 1276 1135 continent.
1317 1100 1387 1136 ne
1422 1101 1555 1136 uero
1597 1083 1713 1154 quis
1752 1083 1992 1151 miretur,
2033 1080 2178 1151 quod

353 1170 536 1225 uerbis
563 1171 965 1243 temporalibus,
1003 1188 1137 1239 quae
1182 1171 1570 1243 antiquioribus
1605 1171 1971 1242 grammaticis
2000 1171 2177 1224 minus

354 1279 515 1315 curae
555 1267 723 1329 erant,
777 1268 951 1313 totum
986 1261 1185 1314 librum
1222 1260 1450 1328 dederit,
1503 1280 1622 1314 cum
1659 1261 1798 1314 libro
1839 1259 2049 1314 decimo
2090 1261 2176 1327 (31

356 1374 408 1427 p.
432 1353 534 1406 562
555 1355 656 1423 sq.)
678 1360 732 1405 et
750 1372 891 1407 nono
917 1353 1008 1423 (95
1029 1374 1079 1426 p.
1099 1353 1245 1423 527),
1281 1353 1359 1421 (in
1393 1361 1582 1407 octauo
1606 1354 1739 1406 haec
1764 1351 2178 1415 interciderunt)

354 1443 677 1497 breuissime
721 1442 786 1494 de
827 1441 902 1495 eis
939 1449 1064 1513 agat
1109 1449 1160 1494 et
1188 1442 1366 1494 nullae
1401 1441 1515 1494 fere
1541 1441 1702 1494 huius
1735 1438 2039 1512 argumenti
2074 1440 2180 1492 rel-

353 1532 552 1603 liquiae
589 1531 732 1604 apud
761 1530 1143 1601 grammaticos
1183 1538 1386 1599 extent,
1424 1530 1754 1584 monendum
1777 1538 1859 1584 est
1881 1530 1948 1584 de
1974 1531 2178 1585 eisdem

357 1623 518 1677 etiam
553 1623 812 1675 maiorem
844 1622 970 1675 libri
1010 1622 1149 1675 sexti
1185 1630 1396 1693 partem
1438 1639 1555 1675 esse
1598 1621 1969 1676 etVarronem
2005 1621 2179 1675 tribus

356 1714 488 1767 locis
529 1712 664 1782 (VII
683 1712 752 1765 90
769 1731 820 1783 p.
840 1712 962 1765 368.
982 1714 1018 1776 ¹)
1053 1712 1196 1765 VIII
1214 1711 1283 1766 :20
1304 1732 1356 1784 p.
1375 1711 1494 1764 416.
1531 1710 1669 1764 X33
1690 1730 1742 1783 p.
1762 1712 1888 1779 563)
1919 1711 2180 1782 profiteri,

357 1805 530 1877 ipsam
566 1805 704 1857 hanc
741 1823 859 1857 rem
897 1805 953 1856 in
991 1805 1340 1873 sequentibus
1385 1803 1538 1857 libris
1585 1802 1877 1872 diligenter
1915 1819 1972 1855 se
2009 1801 2180 1874 expli-

359 1903 620 1950 caturum.
673 1895 842 1947 uerba
883 1912 1019 1963 quae
1054 1911 1232 1966 neque
1281 1914 1431 1947 casus
1477 1911 1654 1963 neque
1701 1900 1946 1965 tempora
1982 1892 2184 1946 habent

357 1986 415 2041 in
454 1994 767 2040 transcursu
804 1986 849 2037 si
879 1986 1094 2039 omnino
1119 1986 1500 2057 tangebantur,
1533 1984 1894 2058 participialia
1917 2001 2047 2037 uero
2072 2001 2183 2036 non

357 2083 532 2130 totum
561 2075 759 2128 librum
799 2075 944 2129 XIII
979 2074 1304 2147 expleuisse,
1361 2074 1458 2128 sed
1503 2082 1593 2127 aut
1628 2094 1748 2128 cum
1781 2073 2061 2128 nominum
2099 2073 2184 2142 (ut

358 2165 507 2221 VIII
525 2166 591 2219 58
631 2184 682 2236 p.
701 2164 829 2233 434)
880 2172 971 2217 aut
1018 2183 1138 2217 cum
1185 2166 1476 2218 uerborum
1524 2165 1605 2234 (ut
1639 2164 1819 2218 VIIII
1841 2164 1941 2216 110
1977 2183 2031 2236 p.
2056 2162 2181 2232 537)

360 2256 624 2328 analogiis
663 2254 950 2308 coniuncta
970 2254 1152 2324 fuisse,
1180 2274 1278 2328 pro
1309 2262 1456 2309 certo
1484 2272 1698 2308 sumere
1723 2273 2025 2328 possumus.
2064 2272 2184 2307 con-

361 2353 444 2400 tra
477 2345 567 2400 hic
599 2345 739 2399 liber
776 2345 891 2399 sine
932 2345 1095 2398 dubio
1134 2345 1201 2398 de
1242 2345 1336 2398 illo
1377 2345 1596 2399 dicendi
1633 2363 1838 2416 genere
1877 2352 2008 2414 erat,
2040 2344 2186 2415 quod

360 2436 419 2488 in
468 2435 593 2489 libri
642 2435 837 2489 decimi
882 2436 1326 2508 dispositionibus
1373 2436 1488 2489 fere
1525 2436 1727 2509 ubique
1767 2436 1858 2504 (70
1889 2456 1944 2509 p.
1963 2436 2082 2490 583.
2121 2436 2186 2488 73

360 2545 414 2599 p.
433 2527 552 2581 586.
584 2527 649 2580 74
668 2547 720 2600 p.
745 2528 863 2582 586.
884 2528 952 2580 42
972 2547 1023 2599 p.
1042 2527 1167 2597 568)
1205 2527 1508 2599 seiungitur
1545 2536 1598 2581 et
1626 2527 1907 2601 premitur,
1949 2525 2185 2580 declina-

359 2617 536 2671 tiones
575 2616 695 2670 dico
735 2620 1090 2674 obsoletiores
1132 2626 1187 2671 et
1224 2618 1454 2672 rariores
1488 2619 1677 2691 quibus
1713 2626 1906 2691 poetae
1943 2622 2187 2682 utuntur,

364 2722 500 2777 quae
534 2707 610 2760 ibi
648 2707 841 2760 eodem
876 2707 1036 2759 modo
1075 2706 1497 2778 explicabantur,
1534 2714 1593 2759 ut
1629 2705 1767 2760 libro
1809 2703 2036 2776 septimo
2062 2721 2187 2776 poe-

363 2803 540 2850 tarum
576 2795 842 2850 uocabula
881 2794 1130 2867 exposita
1169 2812 1287 2848 esse
1323 2795 1539 2849 scimus,

531 2886 855 2956 Priusquam
896 2885 962 2938 de
1002 2885 1156 2939 libris
1201 2883 1530 2938 XI—-XIIII
1572 2883 1848 2957 disputare
1894 2883 2189 2958 perginmS,

366 2975 435 3032 dc
471 2976 836 3048 relliquiis
876 2975 983 3028 hic
1017 2975 1425 3030 referendis
1460 2975 1749 3029 dicendum
1769 2983 1864 3030 est.
1903 2974 1973 3029 ad
1993 2974 2191 3028 librum

536 3215 578 3272 1)
609 3215 709 3275 Hic,
729 3214 852 3259 enim
883 3213 1178 3259 scribendum
1211 3227 1309 3257 esse
1341 3231 1449 3272 cape
1481 3213 1595 3258 unde
1627 3215 1779 3269 accipe
1810 3213 1886 3255 sed
1907 3212 1988 3255 Ιιοο
2007 3213 2055 3254 in
2082 3226 2192 3268 pro·-

368 3299 504 3339 aeimis
540 3298 668 3339 libris
702 3295 924 3354 (proximo
961 3298 1075 3339 libro
1106 3293 1161 3349 F)
1194 3295 1528 3338 retractandum
1560 3306 1738 3335 mecum
1774 3289 1995 3344 censebis,
2037 3288 2076 3332 Si
2105 3289 2192 3332 hoc

369 3374 426 3420 de
456 3375 578 3419 libro
611 3378 776 3420 octauo
808 3374 901 3420 dici
930 3389 1023 3419 non
1053 3374 1258 3430 potuisse
1289 3372 1633 3429 Varronemque
1659 3372 1927 3417 constanter
1949 3369 2008 3413 ad
2023 3368 2193 3413 ‘libros’

368 3455 538 3513 plurali
568 3469 758 3500 numero
789 3453 987 3498 lectores
1019 3452 1226 3509 relegare
1260 3455 1307 3495 et
1349 3450 1616 3508 saepissime
1647 3449 1697 3494 in
1726 3447 1798 3494 his
1827 3447 1960 3493 libris
1990 3447 2191 3494 uocabu-

369 3534 519 3581 lorum
551 3518 701 3581 exitus
733 3536 978 3593 corruptos
1011 3547 1110 3578 esse
1140 3532 1441 3590 reputaueris.
