2280 4088
979 353 1069 399 121

105 503 279 557 cuisse
315 500 609 574 Pompeius
646 500 737 569 (fr.
765 499 887 569 104)
925 499 1100 552 docet.
1141 517 1266 551 nam
1298 498 1437 551 haec
1473 498 1604 568 quin
1642 515 1714 550 ex
1748 496 1942 550 eodem

103 593 252 646 fonte
289 590 550 646 fluxerint
586 598 747 660 atque
786 608 849 643 ea
876 607 1012 660 qnae
1044 590 1113 643 de
1148 606 1374 642 numero
1419 588 1722 642 litterarum
1752 605 1940 641 secun-

104 693 193 739 tur
225 683 339 738 noli
375 683 640 752 dubitare,
679 701 800 736 cum
850 700 918 735 ex
954 681 1114 736 Liuio
1155 698 1317 751 quem
1354 681 1571 752 profert
1608 686 1784 733 sumta
1823 696 1942 733 esse

105 794 216 830 non
252 775 478 848 possint.

260 866 551 920 Praeterea
586 873 725 919 teste
762 865 1026 938 Pompeio
1069 863 1145 935 (p.
1168 863 1224 934 9)
1263 861 1516 935 exposuit
1540 861 1721 915 Varro
1758 881 1848 917 eur
1875 870 1943 916 tot

99 965 200 1013 sint
233 963 424 1012 litterae
470 965 514 1010 et
555 976 709 1023 quare
748 976 800 1010 eo
838 962 1012 1010 ordine
1042 962 1233 1021 positae
1270 962 1315 1007 et
1352 974 1439 1008 cur
1479 959 1633 1007 isdem
1666 959 1942 1007 nominibus

99 1057 346 1103 nocentur.
387 1047 679 1116 antiquitus
715 1046 923 1099 litteras
963 1045 1156 1098 latinas
1191 1043 1431 1099 sedecim
1459 1042 1626 1096 fuisse
1665 1043 1938 1096 existima·

99 1137 180 1192 uit
217 1139 305 1207 (fr.
341 1139 463 1208 104)
506 1138 841 1209 totidemque
893 1156 1015 1191 suas
1057 1135 1454 1209 antiquissimas
1499 1134 1745 1191 Graecos
1787 1142 1938 1207 puta-

98 1225 242 1283 uisse
280 1248 444 1300 supra
492 1229 624 1282 dixi.
693 1249 813 1282 cum
849 1246 980 1281 uero
1015 1247 1119 1282 nec
1160 1245 1392 1299 graecae
1448 1226 1659 1280 litterae
1699 1245 1938 1296 unquam

99 1320 193 1389 (cf.
231 1320 410 1375 Franz
448 1320 482 1373 l.
522 1320 555 1372 l.
595 1339 648 1392 p.
675 1320 760 1389 17)
799 1338 903 1373 nec
939 1318 1137 1371 latinae
1173 1318 1265 1387 (cf.
1303 1318 1480 1372 Franz
1520 1318 1556 1371 l.
1598 1318 1634 1373 l.
1673 1338 1725 1390 p.
1756 1317 1822 1370 27
1857 1335 1936 1387 sq.

96 1410 196 1465 Th.
226 1410 533 1465 Mommsen
571 1410 844 1464 unterital.
868 1409 993 1464 dial.
1016 1430 1069 1482 p.
1091 1409 1158 1463 33
1179 1408 1282 1479 sq.)
1322 1408 1564 1462 sedecim
1599 1408 1802 1462 fuerint
1839 1408 1936 1462 sed

95 1502 298 1575 plures,
331 1502 389 1555 in
407 1502 509 1555 hac
534 1520 595 1556 re
615 1502 752 1555 facta
773 1501 1167 1573 ignorauerunt
1187 1501 1279 1554 uel
1312 1501 1686 1570 neglexerunt
1724 1508 1778 1552 et
1801 1499 1935 1553 ficti-

0 1582 2 1584 ·
96 1592 233 1646 ciam
250 1592 551 1647 doctrinam
574 1593 918 1666 protulerunt
941 1591 1297 1663 grammatici.
1331 1590 1566 1644 eundem
1590 1591 1934 1663 quemVarro

95 1683 280 1737 statuit
311 1683 614 1755 litterarum
638 1702 926 1738 numerum
952 1682 1183 1754 sumpsit
1202 1680 1727 1736 MariusVictorinus
1747 1682 1775 1736 I
1795 1683 1846 1750 4,
1867 1681 1935 1736 95

93 1794 147 1847 p.
169 1775 307 1830 2468
335 1795 406 1830 ex
440 1776 713 1831 historicis
743 1776 998 1848 ipsasque
1024 1777 1232 1832 litteras
1260 1785 1557 1832 enumerat.
1594 1770 1730 1847 quos
1752 1782 1932 1829 aucto-

93 1885 181 1922 res
219 1886 343 1921 cum
371 1867 530 1922 facile
568 1868 804 1922 conicias
841 1869 989 1922 idem
1024 1878 1187 1942 atque
1202 1870 1510 1923 Varronem
1552 1867 1801 1922 docuisse
1843 1866 1933 1919 ad-

95 1959 327 2012 scribam
352 1959 623 2012 Victorini
661 1961 850 2030 uerba,
889 1979 1024 2030 quae
1064 1980 1175 2014 non
1212 1961 1412 2015 leuiter
1449 1960 1778 2032 interpolata
1815 1977 1929 2011 mu·

93 2049 247 2104 tilata
285 2059 541 2123 corrupta
580 2059 734 2104 sunt:
774 2052 1121 2124 ‘Repertores
1152 2053 1478 2106 litterarum·
1497 2092 1649 2106 .....
1688 2050 1927 2105 Cadmus

94 2159 165 2194 ex
194 2141 472 2196 Phoenice
506 2142 562 2195 in
586 2143 878 2199 Graeciam
919 2152 971 2196 et
991 2143 1251 2198 Euander
1288 2144 1355 2197 ad
1396 2163 1495 2198 nos
1535 2143 1932 2197 transtulerunt

93 2250 123 2284 a
150 2232 187 2285 b
219 2251 249 2285 c
281 2232 315 2285 d
343 2250 373 2285 e
397 2232 415 2284 i
441 2234 479 2286 k
509 2234 531 2287 l
562 2252 614 2285 m
642 2253 679 2286 n
701 2252 730 2286 o
751 2254 786 2306 p
810 2252 844 2303 q
865 2255 892 2287 r
912 2254 935 2287 s
958 2242 980 2286 t
1031 2234 1243 2288 litteras
1281 2253 1507 2288 numero
1544 2233 1700 2289 XVI.
1740 2240 1930 2306 postea

95 2321 352 2394 quasdam
384 2343 416 2377 a
437 2324 732 2378 Palamede
775 2333 829 2378 et
866 2326 997 2380 alias
1038 2346 1069 2378 a
1091 2325 1375 2382 Simonide
1401 2325 1641 2379 adiectas
1670 2325 1928 2396 implesse

91 2415 377 2467 numerum
416 2415 648 2470 XXIIII
684 2416 763 2483 [in
801 2417 1082 2470 comoedia
1119 2418 1382 2490 scriptum
1427 2426 1542 2471 erat
1583 2418 1767 2485 ellum,
1818 2435 1927 2470 non

89 2511 238 2558 recte
288 2525 389 2559 uos
443 2506 649 2559 fecistis
702 2507 875 2578 illum,
931 2517 1013 2561 est
1063 2509 1208 2563 enim
1263 2527 1331 2562 en
1368 2509 1542 2576 illum]
1586 2507 1926 2580 grammatici

83 2605 345 2661 praeterea
393 2598 711 2653 Demetrius
765 2599 1079 2666 PhalereuS,
1131 2601 1542 2669 HermocrateS,
1601 2618 1671 2654 ex
1727 2599 1926 2653 nostris

87 2693 269 2740 autem
311 2686 533 2742 Cincius
573 2691 776 2745 Fabius
812 2692 1029 2747 Gellius
1063 2691 1422 2745 tradiderunt.
1463 2709 1533 2744 ex
1571 2691 1765 2762 quibus
1798 2690 1925 2745 Gin-

88 2777 203 2833 eius
251 2780 473 2853 paucis,
530 2782 723 2853 inquit,
773 2785 1113 2837 commutatis
1161 2792 1221 2837 ut
1271 2784 1339 2837 ad
1387 2783 1632 2854 linguam
1682 2790 1925 2837 nostram

83 2878 414 2935 peruenirent,
452 2890 540 2925 eas
578 2893 811 2945 namque
835 2875 1074 2930 Cadmus
1102 2875 1159 2928 in
1181 2874 1493 2944 Graeciam,
1530 2874 1677 2928 unde
1717 2874 1786 2928 ad
1825 2893 1923 2928 nos

85 2957 349 3014 Euander
387 2963 766 3017 transtulerat’.
831 2985 954 3018 cum
992 2985 1104 3019 non
1139 2974 1449 3039 repertores
1489 2966 1792 3020 litterarum
1827 2966 1922 3018 sed

85 3048 290 3108 litteras
331 3048 570 3106 Cadmus
617 3053 676 3107 in
727 3053 1016 3109 Graeciam
1058 3057 1409 3126 transtulerit,
1466 3064 1591 3130 post
1646 3063 1922 3111 litterarum

86 3139 365 3194 minimum
405 3148 652 3208 Chaldaei,
712 3146 857 3216 quod
911 3155 1136 3219 propter
1174 3148 1586 3201 similitudinem
1642 3147 1918 3219 sequentis

85 3231 237 3286 uocis
260 3233 437 3307 ¹facile
492 3236 718 3306 neglegi
771 3238 966 3307 potuit,
1020 3238 1109 3291 uel
1145 3245 1409 3293 Phoenices
1445 3249 1587 3293 erant
1622 3239 1725 3291 nisi
1762 3239 1918 3310 plura

58 3315 495 3379 interciderunt.
540 3333 694 3379 taceo
734 3326 801 3379 de
838 3327 1206 3382 additamento
1246 3330 1397 3382 uncis
1435 3329 1666 3398 incluse,
1701 3328 1848 3398 quod
1887 3349 1917 3380 a

87 3409 399 3468 Gaisfordio
438 3423 498 3468 ut
535 3415 670 3469 haec
712 3416 890 3470 omnia
925 3419 1068 3471 bona
1105 3419 1214 3473 fide
1240 3420 1511 3493 prolatum
1539 3419 1631 3486 (cf.
1653 3419 1726 3473 M.
1747 3418 1917 3472 Hertz

89 3501 158 3554 de
177 3502 361 3556 Luciis
386 3503 590 3560 Cinciis
610 3525 662 3577 p.
684 3508 772 3573 59)
806 3509 1049 3562 medium
1086 3511 1424 3564 enuntiatum
1464 3510 1712 3563 dissecat.
1752 3509 1912 3563 etiam

76 3602 339 3657 praeterea
391 3604 482 3648 aut
531 3597 838 3651 eiciendum
894 3608 986 3652 aut
1046 3601 1340 3671 uestigium
1395 3609 1476 3654 est
1530 3600 1909 3654 historicorum
