2222 4056
1130 322 1227 368 154

207 471 266 522 13
433 469 542 522 Hic
575 484 797 520 naeuus.

202 588 262 637 14
425 578 599 631 Varro
640 578 707 631 dc
743 578 931 649 lingua
979 579 1147 632 latina
1196 579 1285 648 ait,
1335 580 1464 632 talia
1509 597 1578 634 ex
1617 580 1830 636 Graeco
1870 593 2082 656 sumpta

268 685 337 720 ex
387 668 681 721 masculino
726 668 782 720 in
832 668 1154 721 femininum
1203 668 1438 721 transire
1489 676 1543 721 et
1578 670 1634 722 A
1669 671 1824 725 litera
1869 674 2012 728 finiri
2052 674 2080 726 ὅ

263 757 480 820 κοχλίας
516 758 651 811 haec
690 759 926 827 cochlea,
982 755 1010 808 ὅ
1048 758 1248 824 χάρτης
1296 759 1431 812 haec
1470 760 1670 829 charta,
1723 758 1751 812 ὃ
1802 762 2081 832 ravantum

263 848 396 901 haec
432 866 687 919 gausapa.
769 834 773 840 ¹
1700 898 1703 901 ,
2011 839 2037 883 T·
2099 862 2126 905 5

201 962 258 1011 15
425 957 549 1012 VIS
590 966 643 1010 et
678 959 793 1030 ipsa
826 959 1019 1011 tertiae
1056 966 1180 1011 sunt
1220 959 1596 1014 declinationis
1634 960 1687 1014 et
1714 948 1949 1016 similem*
1983 960 2076 1019 no-

258 1047 513 1100 minatiuo
543 1048 750 1102 faciunt
777 1037 1123 1120 genetiuum:
1164 1049 1254 1102 hic
1281 1051 1412 1110 ciuis
1438 1050 1596 1104 huius
1636 1039 1793 1122 ciuis,
1828 1054 1963 1111 haec
1996 1056 2079 1129 uis

423 1158 494 1202 13.
525 1159 722 1203 Gramm.
741 1161 830 1205 inc.
849 1162 905 1205 de
923 1162 1126 1218 generib.
1155 1177 1278 1222 nom.
1295 1162 1384 1206 224
1401 1179 1445 1220 p.
1464 1163 1535 1218 89,
1551 1164 1605 1207 12
1623 1165 1792 1222 Haupt.
1813 1165 1933 1222 p..45
1947 1165 2078 1226 Otto:

254 1217 437 1262 Naeuus
469 1219 649 1275 generis
681 1221 850 1275 neutri,
882 1222 964 1264 sed
996 1220 1142 1265 Varro
1175 1222 1233 1264 ad
1265 1220 1559 1266 Ciceronem:
1595 1223 1690 1268 hic
1720 1237 1948 1269 naeuus.
2013 1227 2017 1231 ’

422 1278 491 1320 14.
526 1277 668 1323 Prisc.
698 1279 783 1322 VII
808 1280 866 1324 55
897 1295 939 1336 p.
970 1280 1072 1335 333,
1100 1281 1150 1324 1:
1195 1281 1416 1324 Horatius
1439 1283 1487 1325 in
1517 1282 1560 1325 II
1592 1284 1853 1331 sermon'm'n
1880 1286 1942 1340 (8,
1977 1290 2078 1340 10):

258 1334 342 1377 ‘his
371 1339 424 1379 ut
455 1337 646 1380 sublatis
677 1353 793 1394 puer
825 1340 916 1382 alte
952 1339 1128 1383 cinctus
1160 1354 1375 1383 acernam
1397 1355 1598 1398 gausape
1622 1357 1856 1399 purpureo
1874 1357 2079 1387 mensam

257 1395 505 1451 pertersit'.
536 1397 658 1440 unde
690 1397 874 1442 Persius
907 1402 994 1452 (VI
1021 1403 1118 1453 46),
1163 1399 1291 1454 quasi
1321 1399 1368 1442 in
1402 1415 1425 1443 e
1455 1403 1638 1444 tantum
1666 1402 1905 1446 desinente
1941 1417 2080 1459 supra

258 1453 374 1497 dieti
415 1456 613 1498 nominis
658 1456 878 1512 ablatiuo,
924 1472 1129 1514 gausapa
1165 1458 1283 1501 dixit
1321 1459 1514 1514 plurale,
1555 1475 1648 1504 non
1688 1461 1930 1518 gausapia:
1975 1461 2080 1506 ‘iam

258 1512 519 1569 chlamydes
545 1529 720 1571 regum,
751 1517 842 1559 iam
858 1518 983 1560 lutea
999 1531 1200 1573 gausapa
1216 1516 1391 1573 captis'.
1425 1517 1548 1562 idem
1565 1520 1682 1572 (1111
1698 1521 1776 1574 37)
1802 1521 2079 1565 ‘balanatum

257 1586 458 1628 gausape
489 1574 678 1630 pectes'.
714 1575 1023 1631 antiquissimi
1054 1579 1208 1619 tamen
1238 1582 1286 1620 et
1314 1577 1389 1621 hic
1419 1591 1643 1635 gausapes
1675 1582 1721 1622 et
1742 1579 1856 1624 haec
1879 1593 2081 1637 gausapa

258 1633 305 1673 et
337 1631 424 1675 hoc
454 1647 655 1689 gausape
695 1638 741 1677 et
770 1635 948 1691 plurale
983 1635 1140 1678 neutri
1175 1634 1288 1680 haec
1319 1650 1522 1692 gausapa
1564 1638 1695 1693 quasi
1735 1652 1762 1682 a
1793 1638 2079 1694 nominatim

256 1690 342 1733 hoc
373 1705 628 1747 gausapum
665 1693 912 1749 protulisse
944 1694 1256 1749 inueniuntur,
1290 1695 1412 1738 unde
1446 1696 1625 1740 Cassius
1661 1697 1720 1740 ad
1737 1697 2080 1742 Maecenatem:

258 1751 474 1806 ‘gausapo
525 1766 758 1808 purpureo
811 1754 1065 1796 salutatus'.
1113 1753 1298 1797 Varro
1335 1769 1445 1797 uero
1487 1755 1551 1799 de
1582 1756 1667 1800 lin
1680 1771 1786 1812 gua
1817 1789 1828 1799 .
1863 1787 1871 1796 .
1908 1791 1918 1800 .
1950 1772 2079 1814 gau-

257 1821 406 1864 sapa.
439 1809 613 1852 Seneca
645 1809 862 1855 Ouidium
894 1826 1109 1868 sequens:
1143 1815 1360 1868 ‘gausapa
1381 1813 1416 1857 si
1435 1815 1646 1872 sumpsit,
1677 1830 1880 1872 gausapa
1898 1820 2081 1873 sumpta

255 1867 429 1924 proba'.
469 1868 600 1912 Char.
633 1885 677 1926 p.
698 1870 798 1925 104,
818 1871 870 1914 8:
899 1886 1100 1928 gausapa
1137 1870 1325 1914 Ouidius
1358 1873 1463 1926 (arc.
1487 1891 1570 1919 am.
1593 1878 1639 1918 11
1659 1876 1767 1930 300)
1803 1876 2080 1921 neutraliter

256 1926 373 1969 dixit
404 1928 621 1983 ‘gausapa
661 1929 700 1972 si
745 1931 956 1987 sumpsit,
1007 1945 1211 1987 gausapa
1251 1931 1448 1987 sumpta'
1490 1936 1536 1976 et
1570 1933 1750 1978 Cassius
1782 1933 1983 1978 Seuerus·
2022 1935 2081 1980 ad

254 1985 570 2030 Maecenatem
611 1988 825 2046 ‘gausapo
867 2004 1100 2046 purpureo
1146 1990 1400 2046 salutatus’,
1462 1992 1543 2035 sed
1572 1992 1810 2048 Augustus
1851 1993 1900 2037 in
1938 1997 2079 2038 tenta-

253 2047 433 2088 mento:
465 2046 716 2103 ‘gausapes,
749 2048 922 2093 lodices
954 2063 1208 2104 purpureas
1241 2053 1288 2092 et
1313 2050 1506 2094 colorias
1523 2051 1678 2094 meas’.
1711 2052 1892 2096 Varro
1923 2056 2078 2097 autem

254 2103 320 2146 ait
351 2105 577 2148 uocabula
619 2121 675 2149 ex
710 2107 884 2151 Graeco
929 2114 1124 2164 sumpta,
1167 2108 1205 2150 si
1247 2123 1379 2152 suum
1417 2124 1560 2166 genus
1598 2125 1691 2154 non
1733 2110 1979 2167 retineant,
2023 2126 2080 2155 ex

254 2164 507 2207 masculino
539 2163 586 2207 in
619 2165 889 2209 femininum
919 2166 1062 2210 latine
1095 2167 1295 2210 transire
1328 2172 1374 2212 et
1406 2169 1447 2211 A
1479 2169 1637 2212 littera
1666 2170 1919 2226 terminari,
1950 2171 2079 2214 uelut

254 2223 439 2279 κοχλίας
471 2223 672 2279 cochlea,
715 2223 880 2284 Ἑρμῆς
911 2226 1083 2280 herma,
1126 2222 1295 2284 χάρτης
1326 2227 1501 2280 charta,
1551 2243 1661 2286 ergo
1692 2222 1932 2286 γαυσάπης
1968 2244 2078 2288 gau-

254 2295 376 2337 sapa.
419 2282 491 2326 cui
532 2284 693 2339 generi
735 2286 1040 2341 elegantiores
1084 2286 1361 2330 addiderunt
1390 2287 1727 2343 necessitatem,
1771 2291 1825 2332 ut
1867 2289 2077 2333 dicerent

254 2341 458 2384 tunicam
497 2355 759 2400 gausa-pam,
802 2345 924 2399 quod
966 2346 1193 2400 quomodo
1236 2346 1467 2390 diceretur
1509 2346 1676 2391 merito
1715 2361 1808 2391 non
1849 2345 2075 2402 constitit,

255 2399 362 2455 quia
391 2414 499 2443 usus
532 2401 627 2444 eius
659 2403 781 2458 apud
813 2409 995 2447 ueteres
1027 2418 1121 2447 non
1155 2405 1254 2447 fuit.
1290 2409 1336 2448 et
1366 2406 1428 2449 M.
1446 2405 1645 2450 Messala
1675 2406 1731 2450 de
1761 2406 1953 2451 Antonii
1983 2411 2073 2466 staff

253 2459 345 2501 tuis
379 2458 602 2503 ‘Armenii
631 2462 754 2519 regis
788 2463 933 2520 spolia
965 2463 1226 2520 gausapae’.
1290 2464 1419 2508 Char.
1450 2480 1495 2522 p.
1525 2465 1624 2520 108,
1649 2465 1707 2509 4ε·
1730 2465 1985 2523 Margarita
2012 2465 2075 2510 fe-

253 2517 414 2560 minini
450 2520 633 2575 generis
665 2525 750 2576 est,
782 2523 888 2578 quia
922 2537 1091 2579 graeca
1123 2523 1308 2566 nomina
1339 2541 1388 2579 ης
1417 2524 1665 2568 terminata
1695 2524 1744 2568 in
1763 2524 1804 2567 A
1833 2529 2077 2570 transeunt

254 2580 301 2620 et
331 2576 449 2620 fiunt
478 2578 713 2636 feminina,
761 2590 813 2624 ut
855 2580 879 2624 ὁ
911 2577 1080 2639 χάρτης
1116 2583 1230 2626 haec
1275 2584 1447 2640 charta,
1485 2600 1644 2641 μαργα
1676 2588 1767 2639 ίτης
1806 2584 2073 2641 margarita,

254 2639 335 2679 aut
367 2638 627 2681 communia
659 2644 711 2683 ut
741 2637 936 2695 ἀθλητὴς
968 2642 1155 2686 athleta.
1207 2657 1317 2698 ergo
1349 2643 1623 2686 neutraliter
1689 2657 1742 2687 oc
1775 2641 2073 2700 margaritum

254 2695 407 2739 dicere
439 2697 658 2740 uitiosum
693 2703 775 2754 est,
811 2704 858 2743 et
888 2704 1043 2744 tamen
1074 2701 1209 2744 multi
1233 2700 1464 2755 dixerunt,
1496 2701 1751 2758 utValgius
1770 2702 1819 2745 in
1850 2702 2075 2761 epigram-

253 2758 377 2798 mate
409 2755 516 2798 ‘situ
546 2771 728 2814 rugosa,
763 2760 965 2803 rutunda
995 2761 1275 2817 margarita'.
1309 2765 1356 2804 et
1380 2761 1563 2804 Varro
1595 2760 2076 2819 epistulicarumeIH

255 2814 571 2870 ‘margaritum
603 2831 757 2869 unum,
790 2819 1043 2875 margarita
1073 2819 1234 2875 plura’.
1266 2820 1345 2862 sed
1375 2819 1496 2862 idem
1527 2819 1713 2863 Varro
1748 2833 1882 2877 saepe
1921 2824 1968 2864 et
1999 2818 2076 2863 alii

253 2873 408 2929 plures
440 2875 693 2930 margarit-a
725 2876 944 2920 feminine
977 2878 1208 2933 dixerunt,
1250 2877 1298 2921 in
1340 2878 1556 2935 genetiuo
1589 2881 1744 2922 tamen
1778 2879 1948 2936 plurali
1980 2893 2074 2923 non

253 2932 342 2975 nisi
370 2932 589 2977 feminino
621 2949 790 2991 genere
822 2937 1193 2992 margaritarum.
1899 2949 1902 2951 ’
2023 2937 2039 2994 J

421 2992 490 3035 15.
522 2991 657 3036 Prob.
677 2995 796 3037 cath.
816 3009 858 3050 p.
876 2995 947 3049 30,
966 2995 1045 3038 26:
1077 2996 1192 3040 VAS
1221 2995 1467 3039 terminata
1489 2999 1534 3039 et
1551 2995 1635 3040 SIS
1653 2995 1829 3039 faciunt
1857 2997 2075 3052 genetiuo

256 3053 303 3094 et
330 3050 427 3094 DIS
461 3052 651 3095 ...uis
687 3055 743 3096 et
776 3054 908 3110 ipsa
1039 3055 1440 3099 declinantur.
1475 3055 1823 3112 cs.Prob.cath.
1850 3056 2073 3114 p.19,19.

423 3175 445 3218 1
486 3173 646 3220 netius
680 3175 754 3222 bis
775 3175 878 3223 cod.
901 3176 1059 3224 Laon.
1094 3191 1248 3222 neuus
1273 3177 1344 3224 bis
1375 3176 1692 3225 cod.Vindob.
1719 3177 1743 3233 [Ι
1769 3177 1798 3223 2
1842 3179 2002 3224 sumta
2026 3177 2075 3226 L

254 3244 449 3305 sumpta
486 3246 535 3288 et
569 3244 834 3291 masculino
870 3246 919 3294 R
952 3247 975 3302 ΙΙ
1012 3248 1039 3292 3
1083 3246 1283 3306 aliterea
1319 3247 1397 3294 Rr
1448 3248 1498 3293 et
1536 3262 1591 3292 ea
1628 3245 1795 3292 littera
1828 3249 1882 3295 in
1916 3263 2010 3309 my.
2047 3263 2075 3295 r

254 3311 456 3359 aliterea
474 3313 533 3360 K
555 3313 697 3361 aliter
717 3331 774 3362 ea
795 3315 1053 3364 BDHGL
1077 3318 1100 3372 Η
1125 3315 1287 3378 finihri
1305 3317 1362 3364 K
1379 3318 1402 3374 Η
1428 3319 1458 3362 4
1485 3333 1690 3363 KOXAEAc
1709 3316 1759 3363 L
1792 3333 2001 3364 ssoxAnAc
2025 3318 2080 3365 K

253 3400 449 3457 xoxihac
479 3411 558 3459 Rr
590 3410 776 3459 xoxluc
811 3413 870 3461 H
887 3415 910 3471 ΙΙ
935 3414 1096 3460 coclea
1119 3414 1282 3462 ΕΒΗ
1312 3414 1463 3461 coelia
1497 3411 1648 3461 DGL
1687 3411 1712 3468 ΙΙ
1749 3429 1998 3460 σηιωῃςο
2025 3415 2083 3462 K

253 3481 507 3599 ξᾼῖἒῖοοῃλξ
541 3498 719 3617 ιῖἷῖἶῗῖι
747 3484 807 3531 H
822 3485 847 3542 Η
871 3482 1042 3531 cartha
1078 3485 1128 3533 R
1165 3487 1301 3532 carta
1335 3485 1451 3534 ,ΒΗ
1467 3482 1490 3540 11
1519 3498 1755 3531 tuumne
1789 3481 1996 3573 BHGK
2048 3480 2075 3545 Η
