2236 4030
1123 362 1189 407 70

262 511 491 583 pedibus
536 508 778 562 iambicis
830 507 1137 561 octonarius
1193 503 1279 575 (fr.
1312 507 1398 572 75)
1439 509 1609 562 fieret.
1654 516 1962 580 praeterea
2015 509 2083 563 de

261 609 387 652 nota
427 599 654 670 quadam
694 607 1001 651 transuersa
1036 598 1294 650 breuibus
1332 596 1555 666 syllabis
1593 616 1691 669 pro
1731 598 1910 670 longis
1943 599 2082 670 posi-

262 691 330 742 tis
358 690 412 743 in
438 689 745 760 septenario
776 688 1131 741 adscribenda
1163 687 1276 757 egit
1302 687 1389 757 (fr.
1414 687 1521 756 74),
1558 689 1702 760 quod
1727 696 2079 761 praeceptum

261 781 404 852 apud
444 780 698 833 Rufinum
734 778 1014 833 Diomedis
1060 779 1126 830 de
1180 780 1484 850 septenario
1533 779 1901 834 testimonium
1940 779 2080 832 exci-

263 872 357 943 pit,
412 871 561 923 nullo
615 878 798 922 tamen
836 887 955 921 cum
994 869 1097 921 hoc
1149 870 1365 923 uinculo
1406 871 1750 923 coniunctum
1789 878 1884 923 est.
1955 871 2082 924 ‘non

260 968 439 1032 potest
474 960 628 1013 enim’
664 968 724 1012 ut
762 960 1027 1014 Ritscheli
1066 961 1505 1032 uerbis=(quaest.
1545 961 1704 1013 Varr.
1741 980 1792 1033 p.
1815 960 1906 1030 35)
1944 967 2083 1027 utar,

260 1052 387 1104 ‘non
423 1051 510 1103 hic
551 1069 668 1103 esse
702 1051 983 1122 utriusque
1022 1069 1214 1119 nexus,
1251 1058 1311 1103 ut
1338 1070 1367 1103 a
1402 1051 1582 1121 mode,
1623 1069 1726 1120 quo
1751 1050 2084 1123 septenarius

261 1141 416 1193 fieret
455 1158 484 1192 e
528 1140 756 1208 senario,
795 1141 1116 1194 transiretur
1152 1141 1219 1193 ad
1258 1141 1444 1194 talium
1484 1141 1911 1212 septenariorum
1937 1157 2080 1193 com-

260 1230 721 1299 memorationem,
775 1250 1001 1300 quorum
1054 1232 1230 1284 media
1282 1232 1491 1301 syllaba
1543 1232 1722 1286 breuis
1759 1231 2082 1285 haberetur:

261 1321 498 1393 qualium
551 1329 757 1374 constat
806 1340 913 1374 non
964 1322 1226 1375 minorem
1274 1339 1391 1375 esse
1448 1321 1868 1391 multitudinem,
1924 1339 2083 1391 quam

261 1424 489 1481 quorum
524 1413 701 1464 media
754 1413 966 1482 syllaba
1015 1413 1230 1465 admisit
1267 1413 1487 1466 hiatum.
1523 1421 1578 1467 in
1610 1419 1886 1467 huiusmodi
1917 1412 2086 1483 igitur

261 1509 378 1556 locis
413 1503 466 1554 h.
495 1520 540 1556 e.
582 1522 704 1555 cum
742 1503 798 1556 in
835 1503 1028 1555 medii's
1072 1502 1392 1575 septenariis
1429 1510 1542 1555 tum
1566 1504 1879 1575 ubicunque
1904 1502 2084 1557 breuis

259 1601 341 1645 cst
374 1613 471 1665 pro
510 1594 675 1665 longa
713 1593 939 1664 syllaba,
979 1602 1038 1646 ut
1076 1594 1131 1646 in
1170 1595 1427 1648 extremis
1465 1595 1711 1648 uersibus
1753 1594 1860 1647 arsi
1900 1593 2083 1647 termi-

259 1683 413 1749 natis,
455 1683 630 1736 Varro
669 1684 798 1754 poni
838 1684 992 1737 iussit
1029 1685 1168 1737 hanc
1201 1692 1382 1738 notam
1412 1685 1723 1753 metricam'3
1764 1684 1830 1739 cf.
1855 1683 1925 1740 G.
1949 1683 2084 1737 Her-

260 1793 424 1826 mann
458 1775 491 1827 l.
521 1775 553 1827 l.
595 1795 645 1847 p.
670 1775 767 1827 149
791 1795 866 1847 sq.
908 1793 977 1827 ex
1019 1776 1228 1828 senario
1268 1776 1496 1832 iambico
1537 1776 1703 1828 alium
1737 1792 1958 1828 uersum
1993 1792 2083 1828 na-

260 1864 333 1916 sci
370 1865 543 1918 uoluit
580 1866 670 1933 (fr.
697 1866 804 1934 76),
845 1885 1003 1937 quem
1023 1866 1225 1920 Marius
1250 1867 1458 1920 Plotius
1498 1886 1549 1938 p.
1570 1865 1676 1918 270
1695 1866 1764 1920 G.
1791 1885 1843 1938 p.
1865 1865 2002 1918 2642
2021 1865 2081 1919 Ρ.

260 1955 548 2008 dimetrum
599 1955 907 2014 iambicum,
937 1957 1303 2010 catalecticum
1348 1956 1776 2011 Anacreontium
1817 1955 1951 2008 dicit
1985 1955 2078 2027 (cf.

259 2043 422 2098 Serui
449 2045 747 2100 centimetr.
768 2065 820 2117 p.
842 2047 943 2100 366
966 2046 1035 2102 G.
1065 2067 1116 2119 p.
1135 2046 1266 2100 1818
1288 2048 1344 2099 Ρ.
1375 2047 1595 2101 Terent.
1615 2048 1788 2101 Maur.
1809 2047 1950 2100 2480
1962 2047 2081 2116 sq.).

259 2135 300 2188 si
338 2155 539 2189 nouum
578 2155 795 2189 carmen
832 2138 935 2190 hoc
956 2137 1253 2191 Diomedes
1280 2146 1558 2210 nuncupat
1582 2138 1640 2190 id
1672 2157 1781 2192 non
1807 2138 1877 2190 de
1911 2144 2084 2190 aetate

260 2245 364 2296 qua
402 2227 636 2296 primum
673 2245 735 2279 eo
776 2227 859 2279 usi
898 2227 1003 2281 sint
1030 2229 1213 2281 ualere
1249 2228 1409 2281 docet
1445 2229 1684 2301 priscum
1734 2244 1951 2281 carmen
1990 2245 2082 2299 po-

260 2318 449 2388 pulare
469 2317 741 2388 uirginum
763 2319 1130 2371 Bottiaearum
1155 2316 1318 2383 ἴωμεν
1346 2318 1394 2368 εἰ
1399 2338 1422 2378 ς
1439 2317 1669 2385 Ἀθήνας
1687 2318 1856 2388 (Plut,
1878 2326 2082 2391 quaest.

257 2426 340 2477 gr.
363 2408 430 2461 35
468 2408 532 2460 cf.
555 2409 836 2462 Rossbach
874 2430 924 2462 u.
951 2410 1242 2482 Westphal
1279 2411 1312 2463 l.
1354 2411 1389 2464 l.
1429 2428 1481 2482 p.
1510 2410 1635 2478 197)
1694 2418 1747 2463 et
1786 2408 2080 2467 Simonidis

258 2496 555 2563 ἐβόμβησεν
601 2499 846 2548 &aldana
888 2499 1022 2569 (f1·.l
1054 2500 1307 2571 Bergk),
1347 2501 1442 2553 Sed
1485 2518 1606 2554 cum
1640 2500 1934 2555 Ritschelio
1971 2500 2006 2554 l.
2044 2500 2080 2553 l.

262 2608 310 2659 p.
341 2588 407 2640 36
461 2589 952 2657 carmennondum
990 2601 1450 2645 conmemoratum
1498 2591 1932 2663 intellegendum
1978 2599 2079 2644 est·

257 2696 513 2731 uersuum
551 2681 955 2752 conpositorum
980 2703 1010 2734 a
1030 2683 1278 2735 Varrone
1305 2684 1715 2755 explanatorum
1739 2700 1904 2735 unum
1935 2690 2083 2736 extat

258 2769 566 2840 exemplum
591 2769 677 2837 (fr.
700 2770 803 2840 77).
842 2764 1242 2842 paroemiacum
1268 2791 1388 2825 cum
1427 2772 1787 2844 ithyphallico
1825 2772 2073 2826 coniunc-

259 2865 370 2909 tum
414 2860 506 2926 (cf.
529 2859 809 2912 Hermann
848 2862 882 2915 l.
902 2863 935 2914 l.
956 2881 1006 2932 p.
1032 2863 1150 2916 592.
1186 2862 1462 2916 Rossbach
1487 2882 1538 2914 u.
1560 2862 1850 2933 Westphal
1881 2883 1933 2935 p.
1953 2862 2078 2928 358)

257 2948 675 3001 Archilochium
712 2958 942 3004 metrum
983 2953 1118 3005 dixit
1156 2953 1250 3023 (cf.
1287 2953 1444 3007 Seru.
1484 2961 1623 3006 cent.
1662 2973 1712 3025 p.
1745 2953 1849 3006 376
1873 2953 1942 3008 G.
1986 2952 2079 3006 ubi

256 3037 489 3107 pessime
529 3038 815 3093 Putschius
850 3059 902 3111 p.
937 3042 1071 3095 1825
1116 3050 1436 3108 partheniam
1483 3063 1582 3116 pro
1614 3051 1927 3110 paroemiam
1967 3043 2077 3096 edi-

258 3126 376 3194 dit).
417 3128 520 3181 hae
560 3129 792 3201 exiguae
846 3132 1127 3202 relliquiae
1176 3133 1548 3206 disputationis
1586 3133 1954 3189 Varronianae
1995 3125 2079 3188 su-

256 3227 481 3289 persunt
502 3219 565 3287 1),
620 3239 724 3289 qua
773 3221 988 3292 singula
1022 3241 1278 3276 uersuum
1315 3242 1518 3295 genera
1559 3223 1704 3277 haud
1739 3224 1926 3296 paucis
1966 3224 2079 3278 sine

422 3337 467 3391 1)
499 3337 604 3381 Non
635 3337 988 3394 inprobabiliter
1019 3341 1204 3395 quidem
1235 3342 1515 3386 Ritschelius
1547 3343 1574 3386 1.
1607 3344 1636 3386 1.
1668 3358 1712 3399 p.
1734 3342 1792 3386 36
1821 3342 2079 3399 suspicatus

260 3421 331 3460 est
361 3418 496 3473 plura
530 3417 801 3462 Diomedem
831 3418 878 3461 in
909 3419 1060 3476 capite
1091 3421 1148 3464 de
1180 3436 1408 3465 uersuum·
1430 3422 1675 3479 generibus
1704 3438 1750 3479 p.
1766 3423 1853 3467 506
1877 3437 1944 3478 sq
1969 3422 2080 3466 Vai-

254 3497 357 3540 roni
388 3497 574 3551 debere,
626 3497 707 3541 sed
752 3498 1007 3542 rationibus
1052 3515 1190 3556 supra
1230 3501 1452 3558 expositis
1484 3503 1729 3547 obsecutus
1769 3502 1818 3546 in
1856 3501 1922 3548 eis
1956 3517 2077 3559 quae

259 3577 478 3633 conposui
510 3577 765 3632 acquiesco.

2221 3913 2236 4030 *nh-‘e
2228 3825 2236 3883 mr..
