2294 4062
859 899 1358 987 PRAEFATIO

362 1097 504 1151 Cum
543 1114 643 1167 per
686 1104 900 1168 tempus
956 1095 1177 1164 aliquod
1227 1105 1443 1150 uersato
1491 1099 1547 1151 in
1589 1098 1932 1169 conligendis
1972 1108 2028 1153 et

194 1186 544 1259 disponendis
569 1185 838 1257 relliquiis
859 1185 1214 1238 Varronianis
1239 1187 1520 1256 specimen
1559 1188 1856 1241 studiorum
1894 1189 2026 1241 mihi

192 1273 608 1349 proponendum
650 1285 810 1343 esset,
872 1275 1018 1344 elegi
1069 1276 1239 1328 libros
1289 1277 1700 1344 grammaticos3
1757 1296 1879 1329 nam
1935 1295 2026 1332 eos

191 1366 475 1420 commode
511 1366 706 1418 ceteris
745 1364 1017 1433 neglectis
1052 1365 1268 1417 tractari
1306 1374 1359 1417 et
1379 1367 1719 1437 singulorum
1744 1385 2026 1437 argumen-

189 1466 303 1511 tum
342 1457 525 1528 paullo
565 1475 723 1527 quam
763 1454 939 1507 adhuc
967 1457 1166 1508 factum
1206 1465 1288 1509 est
1312 1458 1612 1510 accuratius
1636 1458 1839 1510 circum
1862 1458 2025 1510 scribi

189 1565 347 1622 posse
383 1546 789 1616 intellegebam.
832 1545 1245 1616 dispositionem
1274 1556 1325 1599 ct
1361 1547 1606 1600 indolem
1629 1548 1822 1600 horum
1860 1548 2024 1600 libro-

188 1657 309 1692 rum
349 1637 613 1707 indagare
652 1644 937 1688 contentus
977 1655 1152 1707 neque
1190 1639 1505 1691 uniuersam
1542 1637 1807 1690 Varronis
1851 1657 2027 1708 gram-

189 1729 441 1782 maticam
477 1727 740 1780 theoriam
778 1727 1057 1798 explicare
1087 1728 1286 1795 studui,
1329 1746 1466 1798 quae
1506 1747 1593 1782 res
1633 1728 1935 1781 necessaria
1972 1735 2025 1780 et

189 1819 372 1890 magni
411 1819 672 1871 momenti
730 1818 796 1870 ad
837 1817 1277 1888 cognoscendam
1314 1818 1596 1870 historiam
1642 1818 2025 1889 grammaticae

189 1910 441 1978 antiquae
481 1909 682 1960 nitatur
722 1908 779 1961 in
816 1908 969 1961 libris
1006 1907 1186 1960 V-X
1234 1908 1301 1961 de
1353 1909 1544 1979 lingua
1586 1909 1755 1962 latina
1806 1927 1950 1960 nunc
1995 1928 2025 1960 a

189 2017 312 2054 meo
351 1999 572 2052 consilio
612 1998 821 2067 alieniS,
858 2017 1034 2067 neque
1091 2001 1147 2051 in
1199 1999 1428 2069 singulis
1483 1999 1618 2052 locis
1671 1999 2024 2052 inlustrandis

191 2090 372 2144 omnia
409 2107 544 2160 quae
587 2108 708 2142 cum
745 2089 828 2143 his
867 2090 1154 2143 coniuncta
1193 2091 1361 2144 fuisse
1415 2090 1657 2143 coiceres
1706 2108 2027 2160 congerere,

191 2179 289 2232 sed
322 2180 380 2232 in
418 2180 582 2234 certis
603 2181 928 2234 testimoniis
961 2181 1307 2253 acquiescere
1343 2182 1512 2235 uolui.
1552 2181 1759 2234 exclusi
1793 2199 1926 2234 uero
1964 2181 2026 2233 li-

191 2270 337 2340 bros,
371 2270 430 2324 in
462 2271 656 2341 quibus
689 2279 905 2343 praeter
944 2271 1049 2325 alia
1092 2271 1479 2342 grammaticae
1520 2290 1734 2343 quoque
1774 2273 2026 2325 obserua-

193 2361 367 2418 tiones
406 2361 746 2432 legebantur,
789 2364 972 2434 quales
1011 2363 1322 2434 epistolicas
1352 2363 1693 2432 quaestiones
1728 2363 1894 2416 fuisse
1931 2363 2029 2416 sci-

193 2470 334 2521 muS,
367 2459 420 2504 et
458 2470 607 2505 mera
644 2453 962 2524 ueriloquia,
1003 2454 1156 2524 larga
1192 2472 1354 2506 manu
1391 2453 1594 2522 ubique
1632 2454 1753 2507 aM.
1770 2453 2026 2507 Terentio

200 2561 403 2614 sparsa,
442 2561 579 2614 quae
616 2561 686 2596 ex
723 2544 837 2597 aliis
875 2544 1026 2598 libris
1064 2544 1297 2616 repetita
1332 2552 1472 2596 sunt.

332 2634 402 2687 In
441 2634 829 2706 componendis
868 2635 1139 2705 relliquiis
1188 2634 1461 2708 antiquam
1498 2635 1762 2688 librorum
1799 2635 2027 2687 formam

196 2730 456 2792 quantum
474 2724 591 2777 fieri
612 2725 788 2795 potuit
826 2726 1057 2793 restitui,
1094 2734 1155 2776 ut
1194 2732 1246 2776 et
1288 2724 1531 2794 singulas
1568 2725 1720 2776 libris
1763 2742 1791 2777 e
1834 2724 2026 2794 quibus

198 2821 443 2884 sumptae
482 2832 599 2869 esse
633 2815 953 2868 uiderentur
992 2816 1306 2884 tribuerem,
1365 2823 1418 2867 et
1456 2815 1745 2885 pristinum
1782 2815 2028 2869 ordinem

197 2900 533 2958 reuocarem.
617 2906 877 2959 asterisco
915 2905 1129 2977 signaui
1165 2906 1491 2977 fragmenta,
1532 2906 1727 2977 quibus
1761 2906 2025 2959 Varronis

192 3011 391 3047 nomen
426 2995 492 3047 ab
531 2997 837 3050 auctoribus
875 3016 986 3049 non
1006 2996 1314 3067 adponitur.
1355 2996 1488 3048 duas
1528 2996 1796 3068 relliquiis
1819 2995 2025 3049 subieci

192 3082 585 3138 adnotationes.
676 3086 848 3139 altera
899 3086 1188 3158 perscripsi
1243 3104 1336 3139 eos
1387 3086 1711 3157 scriptorum
1760 3086 1911 3138 locos
1958 3085 2025 3137 ad

195 3172 424 3226 eandem
459 3174 723 3228 Varronis
765 3175 1163 3246 expositionem
1198 3175 1535 3244 referendOS‚
1558 3176 1649 3245 qui
1686 3175 1755 3228 ad
1789 3176 2023 3245 proban-

195 3263 316 3317 dam
356 3263 779 3337 disputationem
815 3284 988 3318 meam
1034 3273 1087 3318 et
1112 3265 1361 3318 ordinem
1387 3264 1728 3334 singulorum
1753 3264 2024 3333 fragmen-

194 3360 372 3407 torum
405 3355 900 3409 reconcinnandum
944 3355 1169 3409 alicuius
1210 3362 1334 3410 sunt
1388 3355 1664 3407 momenti.
1749 3354 1918 3407 altera
1954 3353 2025 3406 ad

195 3443 432 3498 criticam
466 3454 709 3516 spectat3
770 3465 875 3516 qua
916 3447 974 3500 in
1025 3463 1085 3499 re
1128 3446 1266 3499 hanc
1311 3445 1442 3498 mihi
1478 3444 1693 3517 inposui
1730 3444 1929 3514 legem,
1963 3452 2023 3496 ut

197 3550 333 3603 quae
370 3534 428 3587 in
466 3536 746 3590 codicibus
785 3537 1045 3608 leguntur
1083 3538 1343 3609 religiose
1390 3538 1724 3602 adnotarem,
1776 3536 2021 3589 Putschii
