2314 4056
1146 339 1250 384 214

286 479 613 552 primigenia
651 497 788 550 quae
829 479 1198 550 dicit.Varr0,
1256 481 1351 534 scd
1394 481 1699 537 deductiua.
1770 483 1999 537 multum
2033 484 2112 537 in-

288 577 459 623 terest
496 577 676 622 utrum
714 570 781 621 sit
819 569 1028 640 aliquid
1064 571 1310 623 naturale
1348 590 1416 624 an
1453 571 1658 640 aliquid
1696 572 2013 629 deriuatum,

201 732 288 782 100
431 724 740 776 Pronomen
791 721 914 792 quia
957 740 1067 774 non
1118 723 1366 793 fungitur
1424 723 1607 777 officio
1659 724 1761 777 nisi
1815 725 2110 797 praemisso

291 811 530 878 nomine,
589 811 711 864 ideo
768 811 902 863 haec
957 829 1081 881 pars
1132 832 1163 864 a
1199 812 1447 866 Varrone
1506 814 1838 867 succedanea
1896 814 2115 886 dicitur,

293 903 417 974 quia
453 921 563 955 non
597 909 777 973 potest
811 901 868 953 in
906 902 1095 954 eadem
1131 903 1407 956 locutione
1442 905 1715 973 csse,-hoc
1747 913 1828 958 est
1866 905 1990 977 quia
2035 888 2160 959 bis5

289 1010 491 1046 nomen
525 991 701 1064 repeti
737 1012 844 1045 non
882 1000 1079 1064 potest.
1162 994 1293 1046 ordo
1352 1001 1531 1046 tamen
1579 995 1668 1048 hic
1724 996 2111 1051 custodiendus

290 1089 386 1150 est,
435 1089 496 1135 ut
540 1099 740 1134 nomen
779 1081 835 1133 in
871 1082 1217 1153 praecedenti
1256 1082 1323 1135 sit
1360 1083 1501 1151 loco,
1550 1101 1849 1155 pronomen
1885 1086 1943 1139 in
1989 1087 2111 1147 sub-

289 1173 460 1226 iectis.

200 1335 285 1384 101
428 1327 782 1382 PerC‘cum’
822 1326 1143 1379 aduerbium
1180 1327 1283 1379 erit
1320 1327 1581 1399 temporis
1616 1334 1701 1380 ut:
1744 1345 1864 1379 cum
1897 1327 2113 1381 uenerit
2190 1330 2191 1333 ’

286 1419 592 1489 loquemur,
637 1437 757 1471 cum
795 1417 948 1470 uoles
985 1417 1197 1485 ibimus,
1237 1438 1343 1471 cum
1376 1416 1596 1488 petieris
1636 1418 1796 1470 feres.
1831 1421 1836 1480 Ι
2114 1427 2170 1472 10

428 1509 606 1562 Varro
646 1508 903 1561 aduerbia
956 1508 1164 1574 localia,
1219 1525 1355 1578 quae
1397 1506 1487 1560 alii
1539 1506 1860 1578 praeuerbia
1903 1515 2115 1575 uocant,

291 1606 543 1669 quattuor
571 1616 688 1651 esse
714 1598 874 1651 dicit:
918 1616 986 1652 ex
1019 1599 1074 1651 in
1097 1599 1166 1651 ad
1205 1600 1285 1652 ab.
1327 1598 1429 1651 ‘ex’
1470 1598 1651 1650 locum
1677 1597 1945 1668 significat
1969 1597 2115 1651 unde

289 1794 414 1852 quod
444 1807 575 1838 suam
606 1793 835 1851 originem
864 1793 1038 1837 habeat
1068 1795 1246 1851 poterit
1278 1793 1491 1851 reperiri,
1540 1794 1623 1838 sed
1655 1795 1694 1838 si
1725 1790 1816 1851 qua
1847 1797 1957 1839 sunt
1992 1809 2116 1840 com·

287 1853 520 1911 positione
554 1852 687 1896 fiunt.
753 1858 810 1910 cf.
843 1853 995 1896 Diom.
1027 1868 1072 1910 p.
1089 1856 1190 1907 329,
1222 1856 1263 1897 5.

457 1936 555 1977 100.
619 1933 810 1976 Cledon.
847 1947 1012 1976 comm.
1041 1934 1091 1976 in
1117 1933 1237 1978 Don.
1268 1948 1314 1990 p.
1342 1937 1455 1979 1905
1473 1934 1550 1978 P.:
1594 1934 1929 1978 Pronomen
1975 1934 2117 1992 quia

337 2027 347 2036 .
385 2027 393 2036 .
427 1993 488 2036 in
520 1992 830 2036 subiectis.
895 1992 1026 2036 Seru,
1046 2007 1211 2036 comm.
1232 1993 1280 2037 in
1297 1993 1417 2037 Don.
1440 2010 1486 2050 p.
1505 1996 1594 2038 484
1610 1993 1769 2037 Lind.:
1805 1993 2114 2051 (pronomina)

290 2055 398 2096 sunt
428 2052 703 2108 particulae,
742 2066 858 2107 quae
890 2051 1132 2095 fastidium
1160 2053 1455 2108 repetitionis
1486 2052 1790 2097 excluderent
1823 2052 2114 2097 succedendo

287 2112 337 2156 in
370 2113 471 2168 ipsa
503 2111 703 2154 nominis
737 2110 1093 2168 significatione.
1157 2125 1203 2167 p.
1224 2114 1331 2156 501:
1375 2126 1633 2168 pronomen
1675 2111 1853 2155 dictum
1881 2115 1953 2156 est
1985 2112 2116 2168 quasi

283 2185 370 2228 pro
401 2170 602 2222 nomine,
652 2184 705 2214 eo
750 2170 875 2226 quod
916 2169 1129 2228 fungitur
1169 2169 1322 2214 officio
1364 2171 1564 2215 nominis
1590 2204 1601 2214 .
1624 2204 1634 2213 .
1656 2204 1663 2213 .
1685 2174 1732 2214 et
1762 2171 1867 2215 ideo
1897 2171 2039 2215 etiam
2067 2171 2118 2217 in

284 2229 507 2275 subiectis
537 2229 651 2273 locis
683 2232 938 2285 ponuntur.

457 2311 555 2352 101.
618 2309 723 2352 Ter.
756 2309 913 2353 Scaur.
953 2324 998 2366 p.
1026 2311 1139 2352 2262
1165 2309 1240 2353 Ρ.;
1283 2309 1393 2352 Per
1437 2308 1469 2352 G
1521 2323 1645 2352 cum
1685 2342 1694 2351 .
1731 2342 1740 2352 .
1787 2341 1796 2350 .
1848 2308 2115 2365 petieris

287 2369 466 2413 f'eres.
529 2368 609 2411 alii
641 2369 730 2412 sic:
764 2368 1038 2424 quotiensV
1070 2369 1297 2424 sequitur,
1332 2368 1368 2422 Q
1405 2368 1684 2424 ponendum,
1716 2370 1771 2411 ut
1803 2367 2026 2424 per'QVO
2042 2368 2119 2411 lit-

287 2432 439 2472 teras:
473 2441 692 2483 mequom
721 2431 913 2483 tequom
944 2430 1113 2484 quotus
1147 2428 1362 2483 quotiens
1394 2427 1691 2482 aliquotiens.
1755 2427 1805 2470 in
1835 2426 2005 2471 ceteris
2037 2427 2117 2471 u'o-

287 2488 465 2531 calibus
494 2486 545 2530 id
575 2489 647 2529 est
678 2484 864 2529 ΑΕἸΟ
899 2490 990 2542 (est
1022 2501 1076 2530 co
1092 2487 1142 2544 P)
1164 2486 1195 2530 C
1228 2486 1508 2542 ponendum,
1540 2489 1594 2528 ut
1617 2504 1643 2528 κ
1677 2486 1850 2537 cecidit,
1875 2485 2117 2530 Cornelius

288 2548 475 2591 citatus.
536 2545 728 2589 Varro
777 2546 1062 2590 aduerbia
1098 2579 1108 2588 .
1145 2579 1153 2588 .
1190 2579 1199 2588 .
1230 2545 1763 2589 animaduertitur.
1834 2559 1942 2590 nam
1985 2543 2116 2588 sisid

288 2606 413 2662 quod
444 2605 668 2661 sequitur,
713 2604 924 2648 litteram
952 2605 1094 2648 habet
1125 2604 1325 2661 primam
1357 2604 1684 2648 semiuocalem
1722 2606 1803 2650 aut
1835 2604 2021 2647 mutam
2045 2604 2115 2657 (θ’,

290 2664 468 2709 dictum
498 2664 647 2707 leuius
679 2664 933 2717 uidebitur,
965 2667 1019 2706 ut
1052 2678 1076 2707 e
1113 2664 1262 2707 Gallia
1290 2667 1337 2707 et
1371 2678 1396 2706 e
1431 2664 1611 2706 Tuscia.
1645 2662 1859 2718 quotiens
1890 2676 2004 2706 uero
2036 2677 2118 2707 uo-

290 2725 413 2768 cales
463 2726 686 2767 secuntur
727 2724 775 2766 in
822 2738 876 2766 eo
923 2723 1048 2779 quod
1080 2723 1292 2779 sequitur
1320 2722 1486 2774 AEO,
1529 2722 1787 2778 simplicem
1827 2725 1876 2766 et
1923 2721 2118 2766 eandem

286 2782 461 2826 habent
493 2783 737 2834 rationem,
771 2782 896 2838 quod
917 2783 1001 2825 ‘ex’
1018 2782 1345 2838 praeponitur3
1378 2784 1431 2824 ut
1450 2781 1499 2824 in
1522 2781 1617 2824 his:
1651 2795 1707 2824 ex
1725 2795 1845 2833 arce,
1873 2795 1931 2824 ex
1945 2780 2115 2837 Eryco,

290 2857 347 2885 ex
381 2841 591 2896 Olympo,
625 2840 765 2883 aliter
796 2841 918 2884 enim
952 2841 1071 2883 fiunt
1105 2841 1274 2892 hiulca,
1307 2843 1361 2883 ut
1392 2855 1416 2882 e
1447 2854 1568 2891 arce,
1603 2854 1627 2882 e
1649 2839 1820 2894 Eryco,
1859 2839 2113 2895 eOlympo.

292 2900 332 2944 si
362 2914 476 2943 uero
507 2900 557 2942 in
583 2898 814 2942 uocabulo
845 2900 970 2954 quod
1002 2899 1213 2954 sequitur
1246 2899 1464 2954 princeps
1496 2898 1658 2941 littera
1688 2898 1765 2940 uel
1797 2897 1820 2940 I
1854 2897 1989 2942 uelV
2018 2897 2114 2941 fue-

289 2960 366 3011 rit,
401 2959 515 3002 duas
546 2958 689 3001 habet
723 2958 945 3000 rationes.
1005 2972 1114 3000 nam
1144 2957 1301 3013 (unam
1334 2959 1386 3011 B)
1439 2957 1477 2999 si
1509 2956 1664 3012 aliqua
1696 2955 1870 2999 uocalis
1902 2955 2117 3012 proxima

290 3017 539 3062 coniuncta
568 3019 639 3060 est
669 3017 718 3058 in
754 3016 932 3071 syllaba
968 3016 1143 3067 eadem,
1175 3018 1287 3058 tunc
1323 3014 1456 3067 sicut,
1490 3028 1596 3058 cum
1615 3017 1687 3058 est
1714 3014 2005 3058 semiuocalis
2034 3017 2117 3058 aut

434 3188 454 3231 1
498 3184 790 3248 primigenia
826 3181 926 3230 AB
966 3183 1270 3245 primogenia
1310 3197 1436 3230 corr.
1475 3183 1535 3230 ab
1567 3182 1651 3230 alt.
1685 3195 1815 3229 man.
1850 3183 1904 3228 in
1948 3181 2116 3243 primi-

290 3254 433 3315 genia
469 3254 515 3303 G
538 3249 562 3317 [Ι
599 3256 626 3300 2
667 3252 855 3315 aliquid
888 3270 916 3300 a
953 3252 1164 3299 naturali
1201 3251 1303 3299 AB
1340 3248 1359 3308 Η
1403 3252 1667 3298 diriuatum
1704 3248 1753 3296 B
1790 3250 2116 3297 deriuatiuum

293 3339 418 3372 corr.
454 3327 510 3372 in
548 3324 825 3372 deriuatum
865 3322 910 3372 G-
931 3317 955 3385 Η
983 3323 1011 3369 3
1048 3338 1144 3368 non
1182 3337 1271 3369 om.
1308 3323 1358 3369 B
1394 3322 1453 3368 de
1487 3336 1579 3380 quo
1611 3321 1713 3368 uid.
1753 3320 1819 3367 ad
1852 3318 1919 3377 fr.
1946 3321 2012 3367 96
2035 3321 2058 3376 ΙΙ
2083 3321 2115 3365 4

290 3393 500 3441 barrone
537 3393 634 3450 ΒΗ
659 3391 956 3439 succedanea
990 3392 1277 3439 Bondamus
1307 3406 1416 3439 uar-
1457 3391 1562 3438 lect.
1583 3389 1655 3437 II
1679 3392 1717 3438 ,2
1749 3404 1803 3448 p.
1828 3389 1921 3436 115
1957 3403 2117 3436 succe-

292 3462 379 3509 dat
411 3463 462 3510 in
490 3480 547 3511 ea
582 3464 633 3512 B
655 3466 679 3522 Η
705 3462 733 3509 5
771 3464 966 3526 poteset
999 3456 1097 3525 ΒΗ
1136 3463 1165 3509 6
1204 3464 1345 3524 potes
1384 3458 1434 3508 Β
1456 3459 1481 3516 Η
1506 3460 1535 3505 9
1575 3459 1634 3508 de
1670 3459 1774 3509 cod.
1811 3457 1913 3507 uid.
1949 3457 2116 3513 adnot-3

291 3529 357 3589 fr.
378 3534 443 3580 44
465 3533 490 3589 Η
1127 3545 1130 3552 ·
