2306 4016
1234 342 1296 386 76

356 481 619 535 interiecti
667 483 827 535 animi
881 504 1038 536 causa
1081 485 1155 536 ita
1191 486 1392 538 uocari.
1470 494 1724 539 secuntur
1775 488 2035 559 quaedam
2080 488 2182 541 ira-

358 573 553 625 scentis
590 574 815 626 amantis
855 574 1085 627 dolentis
1129 576 1395 647 exempla.
1426 576 1467 640 ¹)

522 665 587 716 In
630 664 820 716 eodem
859 665 997 718 libro
1039 665 1105 718 dc
1143 666 1315 718 tribus
1357 666 1573 719 dicendi
1612 668 1906 738 generibus
1942 689 1972 721 a
2003 669 2177 739 poetis

357 761 409 804 et
451 754 749 807 oratoribus
788 756 1056 827 usurpatis
1096 756 1249 807 dixit.
1293 756 1445 810 Gelli
1490 758 1634 809 enim
1688 757 1812 811 libri
1848 759 1988 826 sexti
2023 766 2182 830 caput

357 845 538 897 XIIH
574 853 840 914 sumptum
870 864 986 899 esse
1023 864 1092 898 cx
1129 847 1281 900 libris
1312 847 1380 899 de
1410 866 1656 900 sermone
1684 848 1849 902 latino
1876 849 2178 921 Ritschelio

356 953 465 986 non
505 935 842 1005 inprobabile
880 936 1180 1001 uidebatur,
1221 937 1309 1005 qui
1349 937 1739 1005 quacst,Var1·.
1782 958 1832 1010 p.
1856 940 1920 992 15
1962 946 2016 991 et
2054 950 2179 993 nou.

356 1042 488 1077 muS.
526 1024 679 1076 rhen.
717 1025 803 1078 VI
840 1043 890 1095 p.
926 1026 1029 1078 524
1067 1026 1363 1078 diiudicare
1408 1027 1593 1093 noluit,
1646 1035 1829 1080 utrum
1875 1027 1978 1080 hoc
2032 1029 2179 1081 testi-

357 1114 595 1166 monium
631 1114 700 1166 ad
736 1115 903 1167 libros
945 1115 1010 1167 de
1052 1116 1383 1188 proprietate
1421 1117 1745 1187 scriptorum
1779 1135 1846 1170 an
1881 1118 1948 1171 ad
1971 1124 2181 1171 nostros

358 1212 639 1274 spectaret.
684 1206 831 1277 prius
854 1206 989 1258 illud
1022 1227 1130 1259 non
1166 1207 1240 1259 ita
1278 1208 1392 1260 ucri
1432 1207 1617 1260 simile‘
1643 1216 1739 1275 cst,
1780 1216 2062 1280 postquam
2097 1227 2178 1261 re-

357 1302 511 1366 perto
569 1295 893 1366 Hieronymi
948 1297 1123 1349 indice
1184 1299 1351 1351 libros
1406 1300 1527 1365 περὶ
1576 1298 1932 1365 χαρακτήρων
1993 1298 2178 1367 (Char.

356 1405 407 1456 p.
435 1386 555 1454 189)
581 1405 690 1439 non
714 1387 933 1440 eosdem
958 1396 1118 1459 atque
1140 1407 1231 1442 eos
1258 1389 1325 1441 de
1346 1390 1675 1461 proprietate
1698 1389 2021 1462 scriptorum
2044 1394 2180 1458 e'sse,
2254 1455 2256 1457 ‚

357 1477 454 1529 sed
507 1476 686 1547 potius
741 1477 1034 1530 conuenire
1087 1498 1210 1531 cum
1262 1480 1414 1531 libris
1459 1480 1527 1533 de
1578 1480 2032 1551 descriptionibus
2069 1481 2181 1534 Rit-

358 1567 593 1620 schelius
631 1567 665 1619 l.
692 1568 728 1620 l.
766 1586 816 1638 p.
840 1569 943 1621 520
985 1569 1281 1640 perspexit,
1319 1590 1443 1622 nam
1479 1589 1622 1623 nunc
1659 1571 1713 1622 in
1751 1571 1851 1623 hac
1880 1588 1940 1623 re
1974 1570 2183 1642 discep-

358 1659 517 1711 tanda
567 1678 764 1713 nomen
803 1662 1142 1727 χαρακτῆρες
1192 1682 1220 1713 a
1261 1660 1446 1716 Gellio
1500 1661 1650 1714 initio
1701 1660 1891 1733 capitis
1948 1659 2183 1731 positum

357 1750 555 1802 nullius
599 1751 854 1804 momenti
895 1761 990 1805 est.
1066 1752 1276 1805 accedit
1326 1752 1470 1821 quod
1519 1752 1684 1805 libros
1736 1752 1802 1804 de
1851 1749 2180 1823 proprietate

357 1840 681 1911 scriptorum
735 1862 1029 1914 numquam
1081 1843 1295 1898 Gellius
1347 1849 1715 1895 conmemorat
1769 1841 2010 1913 nihilque
2065 1841 2181 1894 fere

357 1930 534 1984 adhuc
587 1931 654 1983 de
706 1931 782 1984 eis
842 1940 1059 2000 constat,
1114 1941 1174 1985 ut
1233 1933 1456 1986 dubium
1510 1940 1562 1984 et
1616 1932 1884 1985 lubricum
1931 1931 2184 1984 uideatur

356 2040 524 2074 unum
545 2022 912 2092 fragmentum
944 2023 1011 2075 ad
1052 2042 1140 2076 cos
1180 2024 1400 2076 referre.
1443 2023 1658 2075 maximi
1703 2027 1890 2076 contra
1927 2022 2181 2095 ponderis

361 2119 455 2180 est,
494 2113 637 2181 quod
674 2131 878 2184 genera
919 2114 1136 2166 dicendi
1173 2123 1447 2183 tamquam
1485 2113 1740 2166 orationis
1775 2113 2004 2166 uirtutes
2033 2131 2183 2183 prac-

358 2202 605 2256 dicantur
640 2204 730 2272 (fr.
769 2204 858 2273 80)
915 2204 1125 2275 ‘quibus
1179 2204 1309 2256 uitia
1338 2203 1554 2275 ‘agnata
1607 2213 1729 2256 sunt
1772 2190 1888 2273 pari
1917 2221 2181 2271 numero,

360 2311 495 2361 quae
549 2311 733 2346 earum
784 2293 1003 2346 modum
1061 2301 1113 2346 et
1159 2294 1400 2347 habitum
1456 2294 1755 2348 simulacris
1802 2293 1951 2347 falsis
2003 2311 2184 2346 emen-

358 2383 576 2434 tiuntur.
625 2383 701 2435 sic
751 2383 1073 2455 plerumque
1129 2384 1330 2436 sufflati
1386 2391 1546 2455 atque
1602 2383 1795 2436 tumidi
1846 2383 2043 2436 fallunt
2083 2401 2182 2452 pro

359 2472 631 2542 uberibus,
668 2474 976 2545 squalentes
1005 2482 1056 2526 et
1093 2474 1370 2527 ieiunidici
1410 2493 1506 2546 pro
1547 2474 1859 2544 gracilibus,
1899 2473 2087 2525 incerti
2130 2479 2183 2524 et

359 2563 600 2634 ambigui
641 2584 736 2637 pro
779 2565 1172 2618 mediocribus.'
1213 2565 1294 2618 his
1333 2566 1495 2619 rebus
1535 2585 1659 2618 cum
1695 2565 1895 2618 librum
1933 2564 2180 2634 quintum

359 2833 416 2861 ex
446 2833 645 2875 persona
677 2823 857 2875 poetae,
890 2834 1233 2876 nonnumquam
1268 2834 1324 2863 ex
1356 2819 1497 2876 ipsius
1531 2835 1666 2875 quem
1697 2819 1875 2864 inducit
1906 2821 2184 2876 loquentem.

359 2914 415 2941 ex
450 2902 615 2955 poetae
648 2899 833 2954 quidem
864 2914 1062 2955 persona
1093 2904 1183 2944 est:
1232 2904 1415 2944 Mantua
1459 2917 1543 2944 uae
1587 2905 1778 2944 miserae
1815 2905 1998 2945 nimium
2031 2904 2185 2945 uicina

363 2981 643 3029 Cremonae!
678 2979 830 3035 (Verg.
864 2980 944 3023 ecl.
966 2980 1092 3023 VIIII
1123 2981 1224 3036 28),
1275 2983 1468 3036 Infelioe!
1519 2992 1735 3041 utcunque
1775 2986 1921 3038 fere-nt
1968 2998 2020 3025 ea
2062 2986 2186 3038 facta.

362 3069 539 3116 nepotes
578 3093 585 3102 .
620 3092 629 3101 .
665 3092 674 3102 .
710 3059 841 3114 (Aen.
866 3060 928 3103 VI
957 3060 1073 3116 823),
1126 3065 1292 3104 crimen
1327 3078 1451 3104 amor
1485 3065 1707 3105 uestrum!
1756 3061 1891 3117 (Aen.
1922 3061 1965 3105 X
1995 3061 2096 3116 188)
2139 3064 2187 3104 et

359 3139 449 3182 alia
479 3139 657 3182 similia.
704 3154 760 3184 ex
792 3154 988 3195 persona
1023 3155 1132 3184 uero
1164 3141 1354 3184 alterius
1389 3144 1448 3185 Di
1481 3146 1622 3199 capiti
1656 3145 1798 3200 ipsius
1826 3145 2074 3199 Uenerique
2106 3157 2183 3184 re-

361 3230 536 3264 servent
569 3219 698 3276 (Aen.
719 3219 825 3262 VIII
845 3219 967 3274 484),
1001 3223 1061 3263 Di
1098 3223 1212 3263 talia
1249 3224 1399 3265 Graiis
1434 3225 1703 3274 instaurate,
1735 3225 1809 3279 pio
1840 3226 1880 3264 si
1909 3238 2075 3278 poenas
2111 3237 2185 3263 ore

361 3299 780 3359 reposco!(Ae11.VI
795 3299 915 3354 529),
955 3303 1012 3343 Di
1044 3303 1178 3344 talem
1212 3304 1348 3344 terris
1381 3306 1573 3346 auertite
1605 3305 1795 3360 pestem!
1813 3295 1942 3357 (Aen.
1960 3301 2038 3355 III,
2060 3300 2182 3350 620).

528 3401 570 3456 1)
603 3400 655 3443 In
687 3400 910 3456 exemplis
943 3404 1098 3443 autem
1131 3388 1507 3444 interiectionum
1525 3415 1640 3456 quae
1661 3401 1811 3444 locum
1827 3407 2037 3444 nostrum
2049 3389 2186 3457 ''prae-

360 3480 532 3523 cedunt
562 3480 713 3523 nullae
746 3479 966 3524 Varronis
997 3484 1153 3536 partes
1185 3494 1285 3524 esse
1315 3480 1578 3524 ostendunt<
1596 3481 1791 3525 Caeselli
1807 3479 2185 3525 Vindicis-Statili

361 3559 551 3602 Maximi
585 3559 715 3603 Pauli
744 3559 932 3603 nomina
966 3559 1215 3615 adscripta.
