2372 4082
1121 374 1224 422 201·

258 518 426 572 latina
474 519 663 590 lingua
705 527 855 574 uates
905 521 1120 590 dicitur,
1183 520 1328 593 quod
1379 520 1549 574 uerba
1591 519 1960 574 modulatione
2010 537 2098 573 co-

258 616 457 663 nectat.
530 610 683 664 uiere
714 611 867 665 ‘enim
903 618 1189 665 conectere
1214 618 1313 676 est,
1339 610 1487 664 unde
1525 611 1710 664 uimen
1749 610 1952 663 dictum
1987 609 2095 662 uir-

262 699 406 770 gulti
444 702 654 772 species
690 710 744 754 et
781 701 914 755 uieti
950 701 1007 754 in
1038 702 1187 755 rotis.
1259 701 1472 772 poetice
1511 708 1592 753 est
1641 719 1726 754 ars
1764 700 1898 771 ipsa.
1969 718 2095 752 nam

259 791 442 863 poesis
495 799 550 845 et
588 810 783 864 poema
823 793 1024 846 distant
1060 810 1123 846 eo
1169 792 1314 863 quod
1350 810 1547 864 poema
1577 810 1685 845 uno
1724 790 2097 844 tantummodo

208 885 238 931 5
261 881 530 935 clauditur
568 883 805 935 carmine
838 890 898 936 ut
915 883 1198 954 tragoedia
1223 882 1336 955 [uel
1354 881 1686 955 rhapsodia],
1709 881 1890 953 poesis
1916 888 2094 934 autem

259 988 328 1025 ex
366 972 614 1045 pluribus
653 980 737 1027 est
775 993 969 1046 corpus
1011 974 1191 1046 operis
1226 973 1463 1028 confecti
1497 981 1558 1026 ut
1591 973 1723 1027 Ilias
1760 971 2007 1026 Homeri.

204 1140 256 1191 71
404 1123 720 1178 Mensuram
761 1144 882 1178 esse
919 1127 977 1179 in
1016 1126 1214 1180 fabulis
1256 1123 1382 1197 [hoc
1421 1133 1501 1178 est
1526 1122 1736 1198 μέτρον]
1761 1123 2005 1179 Terentii
2043 1131 2097 1177 et

262 1207 439 1267 Plauti
477 1223 530 1268 et
563 1223 870 1269 ceterorum
913 1217 1244 1270 comicorum
1283 1225 1336 1269 et
1385 1217 1720 1287 tragicorum
1771 1215 1957 1269 dicunt
2003 1216 2093 1270 hi:

262 1295 455 1360 Cicero
497 1304 735 1360 Scaurus
771 1307 1081 1360 Firmianus
1119 1307 1296 1360 Varro
1332 1306 1662 1360 Victorinus

199 1466 260 1518 ’12
354 1491 358 1494 -
400 1458 672 1513 Trimeter
727 1459 927 1513 herous
984 1476 1054 1512 ex
1121 1458 1404 1530 superiore
1452 1480 1482 1509 -s
1522 1479 1552 1508 a
1592 1479 1622 1510 s
1676 1459 1906 1512 iambico
1961 1459 2096 1512 dixi-

259 1610 500 1654 Homeri
530 1613 577 1654 et
607 1610 996 1670 AeneisVergilii.
1058 1613 1209 1656 Diom.
1238 1629 1282 1670 p.
1300 1611 1498 1657 473..16:
1531 1611 1718 1668 poetica
1750 1614 1822 1655 est
1850 1609 1987 1656 fictae
2018 1624 2095 1656 ue-

261 1683 399 1714 raeue
445 1670 727 1714 narrationis
767 1672 1043 1729 congruenti
1081 1672 1296 1728 rhythmo
1344 1687 1398 1715 ae
1443 1671 1563 1728 pede
1608 1670 1852 1727 conposita
1902 1671 2097 1715 metrica

262 1731 498 1773 structura
531 1730 590 1773 ad
620 1730 872 1774 utilitatem
914 1732 1293 1788 uoluptatemque
1336 1729 1697 1775 accommodata.
1757 1730 1901 1773 distat
1940 1733 2096 1774 autem

261 1788 447 1846 poetica
476 1802 503 1832 a
531 1793 747 1846 poemate
784 1794 833 1834 et
866 1791 1012 1848 poesi,
1030 1790 1152 1846 quod
1182 1791 1368 1848 poetica
1392 1804 1465 1833 ars
1485 1789 1587 1845 ipsa
1601 1788 1907 1845 intellegitur,
1927 1803 2094 1845 poema

264 1850 419 1891 autem
448 1862 556 1904 pars
589 1849 742 1906 operis
773 1853 827 1892 ut
856 1850 1114 1907 tragoedia,
1160 1850 1316 1906 poesis
1359 1851 1607 1893 contextus
1653 1851 1701 1892 et
1746 1862 1913 1904 corpus
1945 1848 2092 1892 totius

263 1906 416 1963 operis
446 1906 602 1951 effecti
632 1911 686 1951 ut
714 1908 821 1951 Ilias
855 1908 1048 1965 Odyssia
1077 1909 1261 1953 Aeneis.
1294 1908 1460 1952 Isidor.
1495 1908 1611 1964 orig.
1629 1906 1738 1951 VIII
1759 1909 1799 1962 7,
1817 1907 1871 1950 3:
1902 1910 2034 1951 uates
2067 1922 2095 1951 a

261 1964 310 2009 ui
338 1966 508 2009 mentis
541 1967 800 2024 appellatos
816 1968 1005 2012 Varro
1041 1971 1204 2012 auctor
1235 1971 1306 2011 est
1332 1968 1408 2012 uel
1442 1981 1469 2010 a
1499 1966 1681 2010 uiendis
1714 1966 2010 2021 carminibus,
2044 1965 2094 2010 id

262 2027 335 2068 est
365 2023 622 2082 flectendis,
664 2027 753 2070 hoc
786 2030 858 2070 est
889 2027 1197 2082 modulandis,
1242 2031 1289 2070 et
1330 2026 1527 2083 proinde
1557 2029 1724 2082 poetae
1768 2026 1912 2069 latine
1959 2027 2093 2070 uates

263 2082 374 2128 olim
406 2087 453 2128 et
482 2085 657 2142 scripta
688 2099 848 2129 eorum
879 2087 1102 2131 uaticinia
1133 2087 1422 2140 dicebantur,
1458 2085 1582 2141 quod
1611 2085 1660 2127 ui
1679 2084 1875 2140 quadam
1896 2087 1944 2128 et
1962 2084 2094 2141 quasi

263 2142 454 2188 uesania
478 2143 528 2187 in
559 2145 803 2188 scribendo
836 2149 1252 2200 commouerentur,
1282 2146 1358 2189 uel
1389 2145 1513 2201 quod
1542 2143 1691 2187 modis
1727 2145 1872 2188 uerba
1900 2157 2094 2188 connec-

263 2204 489 2256 terentur,
532 2203 663 2247 uiere
699 2204 899 2260 antiquis
929 2219 1015 2263 pro
1047 2204 1222 2249 uincire
1254 2204 1548 2261 ponentibus,
1584 2203 1726 2247 etiam
1762 2217 1847 2260 per
1875 2202 2093 2247 furorem.

263 2261 393 2306 Seru.
427 2260 486 2304 ad
513 2261 656 2319 Verg.
688 2263 803 2307 Aen.
837 2264 905 2307 III
935 2264 1046 2308 443:
1094 2264 1184 2307 duo
1218 2278 1390 2320 genera
1419 2262 1708 2307 uaticinandi
1738 2265 1846 2306 sunt
1875 2265 1956 2306 aut
1989 2262 2092 2305 sim-

262 2320 372 2377 plex
401 2323 456 2364 ut
484 2320 664 2377 Heleni,
695 2325 776 2366 aut
805 2337 891 2380 per
920 2323 1126 2367 furorem
1159 2326 1213 2366 ut
1245 2323 1459 2378 Sibyllae,
1492 2322 1599 2378 quia
1629 2325 1760 2365 uates
1790 2336 1816 2364 a
1846 2321 1895 2365 ui
1924 2321 2094 2366 mentis

260 2380 517 2436 appellatos
546 2380 732 2424 Varro
763 2385 925 2426 auctor
957 2385 1042 2426 est.
1105 2382 1222 2426 Non.
1260 2397 1306 2439 p.
1326 2381 1438 2425 428:
1487 2381 1641 2438 poesis
1683 2384 1731 2424 et
1777 2395 1943 2437 poema
1973 2380 2093 2424 hanc

260 2438 436 2483 habent
453 2438 747 2483 distantiam:
775 2441 927 2497 poesis
959 2443 1031 2485 est
1052 2444 1210 2485 textus
1228 2441 1523 2497 scriptorum,
1540 2454 1708 2496 poema
1723 2439 1932 2483 inuentio
1952 2453 2097 2496 parua

263 2511 379 2554 quae
410 2498 570 2555 paucis
598 2500 756 2543 uerbis
775 2504 853 2555 (an
880 2500 1091 2544 uersibus
1104 2500 1146 2554 ?)
1164 2500 1441 2557 expeditur.-
1460 2499 1666 2543 Lucilius
1699 2499 1947 2542 satirarum
1976 2499 2096 2542 libro

260 2555 994 2603 VIIII...VarroParmenone:
1025 2574 1190 2616 poema
1221 2563 1292 2603 est
1317 2559 1434 2602 lexis
1471 2558 1784 2614 enrhythmos,
1799 2558 1850 2601 id
1866 2562 1937 2601 est
1953 2558 2098 2601 uerba

259 2615 393 2672 plura
413 2615 595 2660 modice
625 2617 674 2660 in
705 2619 951 2674 quamdam
984 2619 1193 2662 coniecta
1226 2619 1436 2662 formam.
1494 2618 1651 2673 itaque
1685 2617 1827 2660 etiam
1861 2617 2096 2661 distichon

259 2674 666 2742 epigrammatica
681 2681 853 2720 uocant
883 2691 1060 2734 poema.
1131 2677 1284 2734 poesis
1336 2681 1407 2721 est
1452 2680 1733 2732 perpetuum
1774 2680 2097 2743 argumentum

261 2747 319 2777 ex
346 2733 588 2790 rhythmis.
652 2740 708 2791 cs.
743 2736 875 2780 Varr.
907 2737 965 2780 de
994 2737 1024 2780 l.
1057 2737 1191 2781 LVII
1223 2736 1281 2780 36
1310 2752 1356 2794 p.
1375 2735 1478 2780 323.
1539 2736 1726 2780 Sueton.
1759 2735 1860 2779 fr.2
1891 2733 2026 2779 Re1ff.

426 2812 512 2858 71..
559 2814 752 2859 Rufinus
784 2830 947 2860 comm.
983 2817 1033 2861 in
1053 2819 1188 2860 metr.
1207 2816 1392 2860 Terent.
1410 2830 1455 2872 p.
1472 2814 1561 2859 387
1573 2815 1625 2859 G.
1643 2830 1685 2871 p.
1705 2814 1821 2858 2713
1839 2814 1916 2859 P.:
1949 2815 2097 2859 Men-

258 2886 450 2917 suram
483 2887 612 2917 esse
646 2908 655 2918 .
688 2908 697 2917 .
728 2907 736 2916 .
772 2875 1121 2919 Victorinus
1156 2875 1340 2919 Caesius
1363 2875 1530 2918 Bassus
1550 2874 1854 2918 Terentianus
1876 2874 2098 2918 Caecilius

259 2931 443 2976 Vindex
475 2931 620 2977 Cinna
650 2933 845 2978 Sisenna
874 2935 1123 2978 Diomedes
1155 2934 1349 2977 Albinus
1383 2933 1693 2988 Quintilianus
1726 2933 1964 2990 Sosipater
1982 2932 2096 2977 Cha-

263 2989 401 3034 risius
428 2991 647 3036 Helenius
679 2993 832 3050 Asper
865 2994 1011 3050 Caper
1038 2993 1292 3037 Arruntius
1324 2993 1503 3037 Probus
1533 2993 1707 3036 Plinius
1737 2992 1966 3036 Euantius
2011 2995 2096 3043 (sic

266 3050 361 3104 BC)
395 3048 619 3094 Sacerdos
666 3052 745 3107 qui
782 3055 830 3096 et
868 3053 1078 3097 Donatus
1111 3053 1239 3097 Iuba.
1299 3052 1427 3096 Seru.
1464 3051 1520 3096 de
1552 3055 1729 3097 accent.
1758 3067 1803 3109 p.
1826 3052 1914 3096 535
1935 3051 2094 3096 EndL:

259 3106 504 3153 Terentius
539 3109 767 3166 rhythmis
800 3112 964 3156 scribit
991 3112 1255 3156 comoedias
1287 3112 1364 3155 uel
1394 3112 1598 3156 Plautus.

423 3186 496 3232 72.
556 3189 707 3234 Diom.
738 3205 784 3247 p.
812 3190 915 3246 515,
948 3191 1026 3235 14:
1070 3191 1370 3236 Trimeter
1411 3191 1628 3236 herous
1675 3225 1685 3235 .
1720 3224 1773 3235 ..
1818 3191 2096 3247 recipere

259 3247 588 3292 consueuit.

428 3378 453 3421 1
494 3375 651 3437 quod]
688 3377 883 3439 quiPu
910 3379 937 3425 3
976 3379 1072 3425 uiti
1110 3377 1158 3426 P
1192 3372 1218 3442 ΙΙ
1260 3383 1290 3426 4
1329 3396 1426 3427 uno
1461 3380 1576 3426 add.
1615 3378 1670 3427 O.
1706 3379 1838 3425 Ialm
1861 3370 1887 3440 ΙΙ
1924 3379 1952 3423 6
1994 3377 2090 3433 est]

258 3442 312 3489 id
347 3444 529 3501 estPl!
555 3446 584 3491 7
621 3448 864 3495 codicibus
904 3446 1090 3507 quosA
1124 3450 1239 3496 etB
1259 3452 1456 3510 siynaui
1491 3448 1577 3505 (cf.
1616 3448 1780 3494 adnot.
1816 3447 1883 3493 ad
1904 3446 1972 3503 fr.
2001 3444 2090 3502 67)

261 3513 445 3561 accedit
481 3514 570 3562 hoc
604 3515 705 3563 loco
745 3518 848 3564 cod.
880 3517 1142 3565 Vossianus
1166 3521 1248 3574 33,
1271 3522 1303 3566 4
1326 3533 1397 3559 =
1424 3518 1468 3566 0
1487 3512 1511 3579 Η
1537 3518 1565 3560 8
1602 3519 1651 3563 et
1688 3519 1960 3563 ceterorum
1983 3511 2087 3573 ΒΗ

266 3580 328 3628 10
363 3580 583 3632 Dimeter
606 3583 770 3632 ΑΒΜ
791 3588 815 3643 ΙΙ
839 3585 1064 3632 heroicus
1086 3603 1145 3632 ex
1166 3589 1416 3650 superiore
1434 3586 1640 3634 iambico
1677 3586 1735 3633 fit
1769 3588 1827 3633 ut
1848 3584 2095 3635 Busclaius
